@inproceedings{hinton2009replicated,
  title={Replicated softmax: an undirected topic model},
  author={Hinton, Geoffrey E and Salakhutdinov, Ruslan R},
  booktitle={Advances in neural information processing systems},
  pages={1607--1614},
  year={2009}
}