@inproceedings{goodfellow2014generative,
  title={Generative adversarial nets},
  author={Goodfellow, Ian and Pouget-Abadie, Jean and Mirza, Mehdi and Xu, Bing and Warde-Farley, David and Ozair, Sherjil and Courville, Aaron and Bengio, Yoshua},
  booktitle={Advances in Neural Information Processing Systems},
  pages={2672--2680},
  year={2014}
}

@article{mirza2014conditional,
  title={Conditional generative adversarial nets},
  author={Mirza, Mehdi and Osindero, Simon},
  journal={arXiv preprint arXiv:1411.1784},
  year={2014}
}

@inproceedings{denton2015deep,
  title={Deep Generative Image Models using a? Laplacian Pyramid of Adversarial Networks},
  author={Denton, Emily L and Chintala, Soumith and Fergus, Rob and others},
  booktitle={Advances in Neural Information Processing Systems},
  pages={1486--1494},
  year={2015}
}

@article{li2015generative,
  title={Generative moment matching networks},
  author={Li, Yujia and Swersky, Kevin and Zemel, Richard},
  journal={arXiv preprint arXiv:1502.02761},
  year={2015}
}

@inproceedings{gutmann2010noise,
  title={Noise-contrastive estimation: A new estimation principle for unnormalized statistical models},
  author={Gutmann, Michael and Hyv{\"a}rinen, Aapo},
  booktitle={International Conference on Artificial Intelligence and Statistics},
  pages={297--304},
  year={2010}
}

@inproceedings{ramdas2015decreasing,
  title={On the decreasing power of kernel and distance based nonparametric hypothesis tests in high dimensions},
  author={Ramdas, Aaditya and Reddi, Sashank Jakkam and P{\'o}czos, Barnab{\'a}s and Singh, Aarti and Wasserman, Larry},
  booktitle={Twenty-Ninth AAAI Conference on Artificial Intelligence},
  year={2015}
}

@article{ben2007analysis,
  title={Analysis of representations for domain adaptation},
  author={Ben-David, Shai and Blitzer, John and Crammer, Koby and Pereira, Fernando and others},
  journal={Advances in neural information processing systems},
  volume={19},
  pages={137},
  year={2007},
  publisher={MIT; 1998}
}

@article{ben2010theory,
  title={A theory of learning from different domains},
  author={Ben-David, Shai and Blitzer, John and Crammer, Koby and Kulesza, Alex and Pereira, Fernando and Vaughan, Jennifer Wortman},
  journal={Machine learning},
  volume={79},
  number={1-2},
  pages={151--175},
  year={2010},
  publisher={Springer}
}

@article{ganin2016domain,
  title={Domain-adversarial training of neural networks},
  author={Ganin, Yaroslav and Ustinova, Evgeniya and Ajakan, Hana and Germain, Pascal and Larochelle, Hugo and Laviolette, Fran{\c{c}}ois and Marchand, Mario and Lempitsky, Victor},
  journal={Journal of Machine Learning Research},
  volume={17},
  number={59},
  pages={1--35},
  year={2016}
}

@inproceedings{qadir2011classifying,
  title={Classifying sentences as speech acts in message board posts},
  author={Qadir, Ashequl and Riloff, Ellen},
  booktitle={Proceedings of the Conference on Empirical Methods in Natural Language Processing},
  pages={748--758},
  year={2011},
  organization={Association for Computational Linguistics}
}



