@article{artstein2009concept,
  title={The concept of duality in convex analysis, and the characterization of the Legendre transform},
  author={Artstein-Avidan, Shiri and Milman, Vitali},
  journal={Annals of mathematics},
  pages={661--674},
  year={2009},
  publisher={JSTOR}
}
@book{ioan2009duality,
  title={Duality in vector optimization},
  author={Ioan-Bot, Radu and Grad, Sorin-Mihai and Wanka, Gert},
  year={2009},
  publisher={Springer Science \& Business Media}
}