@article{miao2015neural,
  title={Neural Variational Inference for Text Processing},
  author={Miao, Yishu and Yu, Lei and Blunsom, Phil},
  journal={arXiv preprint arXiv:1511.06038},
  year={2015}
}

@article{rezende2014stochastic,
  title={Stochastic backpropagation and approximate inference in deep generative models},
  author={Rezende, Danilo Jimenez and Mohamed, Shakir and Wierstra, Daan},
  journal={arXiv preprint arXiv:1401.4082},
  year={2014}
}

@article{kingma2013auto,
  title={Auto-encoding variational bayes},
  author={Kingma, Diederik P and Welling, Max},
  journal={arXiv preprint arXiv:1312.6114},
  year={2013}
}
@article{blei2003latent,
  title={Latent dirichlet allocation},
  author={Blei, David M and Ng, Andrew Y and Jordan, Michael I},
  journal={Journal of machine Learning research},
  volume={3},
  number={Jan},
  pages={993--1022},
  year={2003}
}
@inproceedings{hinton2009replicated,
  title={Replicated softmax: an undirected topic model},
  author={Hinton, Geoffrey E and Salakhutdinov, Ruslan R},
  booktitle={Advances in neural information processing systems},
  pages={1607--1614},
  year={2009}
}
@inproceedings{larochelle2012neural,
  title={A neural autoregressive topic model},
  author={Larochelle, Hugo and Lauly, Stanislas},
  booktitle={Advances in Neural Information Processing Systems},
  pages={2708--2716},
  year={2012}
}
@article{hinton2010practical,
  title={A practical guide to training restricted Boltzmann machines},
  author={Hinton, Geoffrey},
  journal={Momentum},
  volume={9},
  number={1},
  pages={926},
  year={2010}
}