@book{hall2015lie,
  title={Lie groups, Lie algebras, and representations: an elementary introduction},
  author={Hall, Brian C},
  volume={222},
  year={2015},
  publisher={Springer}
}
@book{weyl1946classical,
  title={The Classical Groups, Their Invariants and Representations},
  author={Weyl, Hermann},
  year={1946},
  publisher={Princeton University Press}
}