@inproceedings{lin2014microsoft,
  title={Microsoft coco: Common objects in context},
  author={Lin, Tsung-Yi and Maire, Michael and Belongie, Serge and Hays, James and Perona, Pietro and Ramanan, Deva and Doll{\'a}r, Piotr and Zitnick, C Lawrence},
  booktitle={European Conference on Computer Vision},
  pages={740--755},
  year={2014},
  organization={Springer}
}
@inproceedings{karpathy2015deep,
  title={Deep visual-semantic alignments for generating image descriptions},
  author={Karpathy, Andrej and Fei-Fei, Li},
  booktitle={Proceedings of the IEEE Conference on Computer Vision and Pattern Recognition},
  pages={3128--3137},
  year={2015}
}
@inproceedings{fang2015captions,
  title={From captions to visual concepts and back},
  author={Fang, Hao and Gupta, Saurabh and Iandola, Forrest and Srivastava, Rupesh K and Deng, Li and Doll{\'a}r, Piotr and Gao, Jianfeng and He, Xiaodong and Mitchell, Margaret and Platt, John C and others},
  booktitle={Proceedings of the IEEE Conference on Computer Vision and Pattern Recognition},
  pages={1473--1482},
  year={2015}
}
@inproceedings{donahue2015long,
  title={Long-term recurrent convolutional networks for visual recognition and description},
  author={Donahue, Jeffrey and Anne Hendricks, Lisa and Guadarrama, Sergio and Rohrbach, Marcus and Venugopalan, Subhashini and Saenko, Kate and Darrell, Trevor},
  booktitle={Proceedings of the IEEE Conference on Computer Vision and Pattern Recognition},
  pages={2625--2634},
  year={2015}
}
@inproceedings{fang2015captions,
  title={From captions to visual concepts and back},
  author={Fang, Hao and Gupta, Saurabh and Iandola, Forrest and Srivastava, Rupesh K and Deng, Li and Doll{\'a}r, Piotr and Gao, Jianfeng and He, Xiaodong and Mitchell, Margaret and Platt, John C and others},
  booktitle={Proceedings of the IEEE Conference on Computer Vision and Pattern Recognition},
  pages={1473--1482},
  year={2015}
}
@article{xu2015show,
  title={Show, attend and tell: Neural image caption generation with visual attention},
  author={Xu, Kelvin and Ba, Jimmy and Kiros, Ryan and Cho, Kyunghyun and Courville, Aaron and Salakhutdinov, Ruslan and Zemel, Richard S and Bengio, Yoshua},
  journal={arXiv preprint arXiv:1502.03044},
  volume={2},
  number={3},
  pages={5},
  year={2015},
  publisher={CoRR}
}
@inproceedings{girshick2014rich,
  title={Rich feature hierarchies for accurate object detection and semantic segmentation},
  author={Girshick, Ross and Donahue, Jeff and Darrell, Trevor and Malik, Jitendra},
  booktitle={Proceedings of the IEEE conference on computer vision and pattern recognition},
  pages={580--587},
  year={2014}
}
@article{quattoni2015structured,
  title={Structured prediction with output embeddings for semantic image annotation},
  author={Quattoni, Ariadna and Ramisa, Arnau and Madhyastha, Pranava Swaroop and Simo-Serra, Edgar and Moreno-Noguer, Francesc},
  journal={arXiv preprint arXiv:1509.02130},
  year={2015}
}
@article{krishna2016visual,
  title={Visual genome: Connecting language and vision using crowdsourced dense image annotations},
  author={Krishna, Ranjay and Zhu, Yuke and Groth, Oliver and Johnson, Justin and Hata, Kenji and Kravitz, Joshua and Chen, Stephanie and Kalantidis, Yannis and Li, Li-Jia and Shamma, David A and others},
  journal={arXiv preprint arXiv:1602.07332},
  year={2016}
}
@article{johnson2015densecap,
  title={Densecap: Fully convolutional localization networks for dense captioning},
  author={Johnson, Justin and Karpathy, Andrej and Fei-Fei, Li},
  journal={arXiv preprint arXiv:1511.07571},
  year={2015}
}
@article{vendrov2015order,
  title={Order-embeddings of images and language},
  author={Vendrov, Ivan and Kiros, Ryan and Fidler, Sanja and Urtasun, Raquel},
  journal={arXiv preprint arXiv:1511.06361},
  year={2015}
}
