%% This BibTeX bibliography file was created using BibDesk.
%% http://bibdesk.sourceforge.net/


%% Created for Thomas Hofmann at 2017-10-19 08:39:30 +0200 


%% Saved with string encoding Unicode (UTF-8) 



@inproceedings{huang2016deep,
	Author = {Huang, Gao and Sun, Yu and Liu, Zhuang and Sedra, Daniel and Weinberger, Kilian Q},
	Booktitle = {European Conference on Computer Vision},
	Date-Added = {2017-10-18 14:12:03 +0000},
	Date-Modified = {2017-10-18 14:12:03 +0000},
	Organization = {Springer},
	Pages = {646--661},
	Title = {Deep networks with stochastic depth},
	Year = {2016}}

@inproceedings{he2016deep,
	Author = {He, Kaiming and Zhang, Xiangyu and Ren, Shaoqing and Sun, Jian},
	Booktitle = {Proceedings of the IEEE conference on computer vision and pattern recognition},
	Date-Added = {2017-10-18 14:09:20 +0000},
	Date-Modified = {2017-10-18 14:09:20 +0000},
	Pages = {770--778},
	Title = {Deep residual learning for image recognition},
	Year = {2016}}

@article{srivastava2014dropout,
	Author = {Srivastava, Nitish and Hinton, Geoffrey E and Krizhevsky, Alex and Sutskever, Ilya and Salakhutdinov, Ruslan},
	Date-Added = {2017-10-18 13:40:30 +0000},
	Date-Modified = {2017-10-18 13:40:30 +0000},
	Journal = {Journal of machine learning research},
	Number = {1},
	Pages = {1929--1958},
	Title = {Dropout: a simple way to prevent neural networks from overfitting.},
	Volume = {15},
	Year = {2014}}

@inproceedings{bucilua2006model,
	Author = {Bucilu{\v a}, Cristian and Caruana, Rich and Niculescu-Mizil, Alexandru},
	Booktitle = {Proceedings of the 12th ACM SIGKDD international conference on Knowledge discovery and data mining},
	Date-Added = {2017-10-18 13:25:17 +0000},
	Date-Modified = {2017-10-18 13:25:17 +0000},
	Organization = {ACM},
	Pages = {535--541},
	Title = {Model compression},
	Year = {2006}}

@inproceedings{goodfellow2014generative,
	Author = {Goodfellow, Ian and Pouget-Abadie, Jean and Mirza, Mehdi and Xu, Bing and Warde-Farley, David and Ozair, Sherjil and Courville, Aaron and Bengio, Yoshua},
	Booktitle = {Advances in neural information processing systems},
	Date-Added = {2017-10-18 13:05:58 +0000},
	Date-Modified = {2017-10-18 13:05:58 +0000},
	Pages = {2672--2680},
	Title = {Generative adversarial nets},
	Year = {2014}}

@article{niyogi1998incorporating,
	Author = {Niyogi, Partha and Girosi, Federico and Poggio, Tomaso},
	Date-Added = {2017-10-18 12:25:30 +0000},
	Date-Modified = {2017-10-18 12:25:30 +0000},
	Journal = {Proceedings of the IEEE},
	Number = {11},
	Pages = {2196--2209},
	Publisher = {IEEE},
	Title = {Incorporating prior information in machine learning by creating virtual examples},
	Volume = {86},
	Year = {1998}}

@inproceedings{burges1999geometry,
	Author = {Burges, Christopher JC},
	Booktitle = {Advances in kernel methods},
	Date-Added = {2017-10-18 12:23:26 +0000},
	Date-Modified = {2017-10-18 12:23:26 +0000},
	Organization = {MIT Press},
	Pages = {89--116},
	Title = {Geometry and invariance in kernel based methods},
	Year = {1999}}

@inproceedings{cohen2016group,
	Author = {Cohen, Taco and Welling, Max},
	Booktitle = {International Conference on Machine Learning},
	Date-Added = {2017-10-18 12:17:55 +0000},
	Date-Modified = {2017-10-18 12:17:55 +0000},
	Pages = {2990--2999},
	Title = {Group equivariant convolutional networks},
	Year = {2016}}

@misc{ferenc2015holy,
	Author = {Ferenc Husz{\'a}r},
	Date-Added = {2017-10-18 12:14:25 +0000},
	Date-Modified = {2017-10-18 12:15:36 +0000},
	Howpublished = {www.inference.vc/the-holy-gr/},
	Month = {June},
	Title = {The Holy Grail of Deep Learning: Modelling Invariances},
	Year = {2015}}

@article{kulesza2012determinantal,
	Author = {Kulesza, Alex and Taskar, Ben and others},
	Date-Added = {2017-10-17 13:18:09 +0000},
	Date-Modified = {2017-10-17 13:18:09 +0000},
	Journal = {Foundations and Trends{\textregistered} in Machine Learning},
	Number = {2--3},
	Pages = {123--286},
	Publisher = {Now Publishers, Inc.},
	Title = {Determinantal point processes for machine learning},
	Volume = {5},
	Year = {2012}}

@article{anselmi2013unsupervised,
	Author = {Anselmi, Fabio and Leibo, Joel Z and Rosasco, Lorenzo and Mutch, Jim and Tacchetti, Andrea and Poggio, Tomaso},
	Date-Added = {2017-10-17 13:14:57 +0000},
	Date-Modified = {2017-10-17 13:14:57 +0000},
	Journal = {arXiv preprint arXiv:1311.4158},
	Title = {Unsupervised learning of invariant representations in hierarchical architectures},
	Year = {2013}}

@article{anselmi2016unsupervised,
	Author = {Anselmi, Fabio and Leibo, Joel Z and Rosasco, Lorenzo and Mutch, Jim and Tacchetti, Andrea and Poggio, Tomaso},
	Date-Added = {2017-10-17 13:14:28 +0000},
	Date-Modified = {2017-10-17 13:14:28 +0000},
	Journal = {Theoretical Computer Science},
	Pages = {112--121},
	Publisher = {Elsevier},
	Title = {Unsupervised learning of invariant representations},
	Volume = {633},
	Year = {2016}}

@inproceedings{simard1993efficient,
	Author = {Simard, Patrice and LeCun, Yann and Denker, John S},
	Booktitle = {Advances in neural information processing systems},
	Date-Added = {2017-10-17 13:13:13 +0000},
	Date-Modified = {2017-10-17 13:13:13 +0000},
	Pages = {50--58},
	Title = {Efficient pattern recognition using a new transformation distance},
	Year = {1993}}

@article{bruna2013invariant,
	Author = {Bruna, Joan and Mallat, St{\'e}phane},
	Date-Added = {2017-10-17 13:10:50 +0000},
	Date-Modified = {2017-10-17 13:10:50 +0000},
	Journal = {IEEE transactions on pattern analysis and machine intelligence},
	Number = {8},
	Pages = {1872--1886},
	Publisher = {IEEE},
	Title = {Invariant scattering convolution networks},
	Volume = {35},
	Year = {2013}}

@inproceedings{gens2014deep,
	Author = {Gens, Robert and Domingos, Pedro M},
	Booktitle = {Advances in neural information processing systems},
	Date-Added = {2017-10-17 13:05:12 +0000},
	Date-Modified = {2017-10-17 13:05:12 +0000},
	Pages = {2537--2545},
	Title = {Deep symmetry networks},
	Year = {2014}}

@article{sokolic2016generalization,
	Author = {Sokolic, Jure and Giryes, Raja and Sapiro, Guillermo and Rodrigues, Miguel RD},
	Date-Added = {2017-10-17 10:54:48 +0000},
	Date-Modified = {2017-10-17 10:55:00 +0000},
	Journal = {AISTATS},
	Title = {Generalization Error of Invariant Classifiers},
	Year = {2017}}

@article{bammer2017gabor,
	Author = {Bammer, Roswitha and D{\"o}rfler, Monika},
	Date-Added = {2017-10-17 10:51:52 +0000},
	Date-Modified = {2017-10-17 10:51:52 +0000},
	Journal = {arXiv preprint arXiv:1706.08818},
	Title = {Gabor frames and deep scattering networks in audio processing},
	Year = {2017}}

@inproceedings{bammer2017invariance,
	Author = {Bammer, Roswitha and D{\"o}rfler, Monika},
	Booktitle = {Sampling Theory and Applications (SampTA), 2017 International Conference on},
	Date-Added = {2017-10-17 10:48:54 +0000},
	Date-Modified = {2017-10-17 10:48:54 +0000},
	Organization = {IEEE},
	Pages = {299--302},
	Title = {Invariance and stability of Gabor scattering for music signals},
	Year = {2017}}

@article{wiatowski2015mathematical,
	Author = {Wiatowski, Thomas and B\"olcskei, Helmut},
	Date-Added = {2017-10-17 10:44:08 +0000},
	Date-Modified = {2017-10-17 10:45:57 +0000},
	Journal = {IEEE Transactions on Information Theory},
	Keywords = {Machine learning, deep convolutional neural networks, scattering networks, feature extraction, classification and regression, frame theory.},
	Misc = {(revised version, March 2017)},
	Month = dec,
	Status = {submitted},
	Title = {A mathematical theory of deep convolutional neural networks for feature extraction},
	Url = {http://www.nari.ee.ethz.ch/commth//pubs/p/deep-2016},
	Year = 2015,
	Bdsk-Url-1 = {http://www.nari.ee.ethz.ch/commth//pubs/p/deep-2016}}
