%% This BibTeX bibliography file was created using BibDesk.
%% http://bibdesk.sourceforge.net/


%% Created for Thomas Hofmann at 2017-10-03 13:24:38 +0200 


%% Saved with string encoding Unicode (UTF-8) 



@article{nesterov1998introductory,
	Author = {Nesterov, Yu},
	Date-Added = {2017-10-03 11:23:44 +0000},
	Date-Modified = {2017-10-03 11:23:44 +0000},
	Journal = {Lecture notes},
	Title = {Introductory lectures on convex programming volume i: Basic course},
	Year = {1998}}

@article{nagarajan2017gradient,
	Author = {Nagarajan, Vaishnavh and Kolter, J Zico},
	Date-Added = {2017-09-18 11:40:13 +0000},
	Date-Modified = {2017-09-18 11:40:13 +0000},
	Journal = {arXiv preprint arXiv:1706.04156},
	Title = {Gradient descent GAN optimization is locally stable},
	Year = {2017}}

@article{metz2016unrolled,
	Author = {Metz, Luke and Poole, Ben and Pfau, David and Sohl-Dickstein, Jascha},
	Date-Added = {2017-09-18 11:38:04 +0000},
	Date-Modified = {2017-09-18 11:38:04 +0000},
	Journal = {arXiv preprint arXiv:1611.02163},
	Title = {Unrolled generative adversarial networks},
	Year = {2016}}

@article{gulrajani2017improved,
	Author = {Gulrajani, Ishaan and Ahmed, Faruk and Arjovsky, Martin and Dumoulin, Vincent and Courville, Aaron},
	Date-Added = {2017-09-18 11:35:26 +0000},
	Date-Modified = {2017-09-18 11:35:26 +0000},
	Journal = {arXiv preprint arXiv:1704.00028},
	Title = {Improved training of wasserstein gans},
	Year = {2017}}

@article{arjovsky2017towards,
	Author = {Arjovsky, Martin and Bottou, L{\'e}on},
	Date-Added = {2017-09-18 11:34:22 +0000},
	Date-Modified = {2017-09-18 11:34:22 +0000},
	Journal = {arXiv preprint arXiv:1701.04862},
	Title = {Towards principled methods for training generative adversarial networks},
	Year = {2017}}

@article{sonderby2016amortised,
	Author = {S{\o}nderby, Casper Kaae and Caballero, Jose and Theis, Lucas and Shi, Wenzhe and Husz{\'a}r, Ferenc},
	Date-Added = {2017-09-18 11:33:18 +0000},
	Date-Modified = {2017-09-18 11:33:18 +0000},
	Journal = {arXiv preprint arXiv:1610.04490},
	Title = {Amortised map inference for image super-resolution},
	Year = {2016}}

@article{roth2017stabilizing,
	Author = {Roth, Kevin and Lucchi, Aurelien and Nowozin, Sebastian and Hofmann, Thomas},
	Date-Added = {2017-09-18 11:32:07 +0000},
	Date-Modified = {2017-09-18 11:32:07 +0000},
	Journal = {arXiv preprint arXiv:1705.09367},
	Title = {Stabilizing Training of Generative Adversarial Networks through Regularization},
	Year = {2017}}

@inproceedings{goodfellow2014generative,
	Author = {Goodfellow, Ian and Pouget-Abadie, Jean and Mirza, Mehdi and Xu, Bing and Warde-Farley, David and Ozair, Sherjil and Courville, Aaron and Bengio, Yoshua},
	Booktitle = {Advances in neural information processing systems},
	Date-Added = {2017-09-18 11:30:12 +0000},
	Date-Modified = {2017-09-18 11:30:12 +0000},
	Pages = {2672--2680},
	Title = {Generative adversarial nets},
	Year = {2014}}

@article{de1996semismooth,
	Author = {De Luca, Tecla and Facchinei, Francisco and Kanzow, Christian},
	Date-Added = {2017-09-17 16:32:19 +0000},
	Date-Modified = {2017-09-17 16:32:19 +0000},
	Journal = {Mathematical programming},
	Number = {3},
	Pages = {407--439},
	Publisher = {Springer},
	Title = {A semismooth equation approach to the solution of nonlinear complementarity problems},
	Volume = {75},
	Year = {1996}}

@article{scarf1967approximation,
	Author = {Scarf, Herbert},
	Date-Added = {2017-09-17 16:25:05 +0000},
	Date-Modified = {2017-09-17 16:25:05 +0000},
	Journal = {SIAM Journal on Applied Mathematics},
	Number = {5},
	Pages = {1328--1343},
	Publisher = {SIAM},
	Title = {The approximation of fixed points of a continuous mapping},
	Volume = {15},
	Year = {1967}}

@book{facchinei2007finite,
	Author = {Facchinei, Francisco and Pang, Jong-Shi},
	Date-Added = {2017-09-17 16:21:05 +0000},
	Date-Modified = {2017-09-17 16:21:05 +0000},
	Publisher = {Springer Science \& Business Media},
	Title = {Finite-dimensional variational inequalities and complementarity problems},
	Year = {2007}}

@article{beck2009fast,
	Author = {Beck, Amir and Teboulle, Marc},
	Date-Added = {2017-09-17 11:34:49 +0000},
	Date-Modified = {2017-09-17 11:34:49 +0000},
	Journal = {SIAM journal on imaging sciences},
	Number = {1},
	Pages = {183--202},
	Publisher = {SIAM},
	Title = {A fast iterative shrinkage-thresholding algorithm for linear inverse problems},
	Volume = {2},
	Year = {2009}}

@article{duchi2009efficient,
	Author = {Duchi, John and Singer, Yoram},
	Date-Added = {2017-09-17 11:34:09 +0000},
	Date-Modified = {2017-09-17 11:34:09 +0000},
	Journal = {Journal of Machine Learning Research},
	Number = {Dec},
	Pages = {2899--2934},
	Title = {Efficient online and batch learning using forward backward splitting},
	Volume = {10},
	Year = {2009}}

@article{combettes2005signal,
	Author = {Combettes, Patrick L and Wajs, Val{\'e}rie R},
	Date-Added = {2017-09-17 11:33:27 +0000},
	Date-Modified = {2017-09-17 11:33:27 +0000},
	Journal = {Multiscale Modeling \& Simulation},
	Number = {4},
	Pages = {1168--1200},
	Publisher = {SIAM},
	Title = {Signal recovery by proximal forward-backward splitting},
	Volume = {4},
	Year = {2005}}

@article{martinet1970breve,
	Author = {Martinet, Bernard},
	Date-Added = {2017-09-17 10:19:23 +0000},
	Date-Modified = {2017-09-17 10:19:23 +0000},
	Journal = {Revue fran{\c{c}}aise d'informatique et de recherche op{\'e}rationnelle. S{\'e}rie rouge},
	Number = {R3},
	Pages = {154--158},
	Publisher = {EDP Sciences},
	Title = {Br{\`e}ve communication. R{\'e}gularisation d'in{\'e}quations variationnelles par approximations successives},
	Volume = {4},
	Year = {1970}}

@article{banach1922operations,
	Author = {Banach, Stefan},
	Date-Added = {2017-09-17 09:30:01 +0000},
	Date-Modified = {2017-09-17 09:30:01 +0000},
	Journal = {Fund. math},
	Number = {1},
	Pages = {133--181},
	Title = {Sur les op{\'e}rations dans les ensembles abstraits et leur application aux {\'e}quations int{\'e}grales},
	Volume = {3},
	Year = {1922}}

@article{picard1890memoire,
	Author = {Picard, Emile},
	Date-Added = {2017-09-17 09:27:33 +0000},
	Date-Modified = {2017-09-17 09:27:33 +0000},
	Journal = {Journal de Math{\'e}matiques pures et appliqu{\'e}es},
	Pages = {145--210},
	Title = {M{\'e}moire sur la th{\'e}orie des {\'e}quations aux d{\'e}riv{\'e}es partielles et la m{\'e}thode des approximations successives},
	Volume = {6},
	Year = {1890}}

@article{ryu2016primer,
	Author = {Ryu, Ernest K and Boyd, Stephen},
	Date-Added = {2017-09-17 06:24:31 +0000},
	Date-Modified = {2017-09-17 06:24:31 +0000},
	Journal = {Appl. Comput. Math},
	Number = {1},
	Pages = {3--43},
	Title = {Primer on monotone operator methods},
	Volume = {15},
	Year = {2016}}

@misc{attouch2011Poincare,
	Author = {Attouch, H.},
	Date-Added = {2017-09-17 06:01:45 +0000},
	Date-Modified = {2017-09-17 06:10:21 +0000},
	Howpublished = {\url{www.ljll.math.upmc.fr/~plc/attouch.pdf}},
	Title = {Convergence of descent methods for semi-algebraic and tame problems},
	Year = {2011}}

@article{attouch2009convergence,
	Author = {Attouch, Hedy and Bolte, J{\'e}r{\^o}me},
	Date-Added = {2017-09-17 05:56:27 +0000},
	Date-Modified = {2017-09-17 05:56:27 +0000},
	Journal = {Mathematical Programming},
	Number = {1},
	Pages = {5--16},
	Publisher = {Springer},
	Title = {On the convergence of the proximal algorithm for nonsmooth functions involving analytic features},
	Volume = {116},
	Year = {2009}}

@article{attouch2011prox,
	Author = {Attouch, H{\'e}dy and Czarnecki, Marc-Olivier and Peypouquet, Juan},
	Date-Added = {2017-09-17 05:54:36 +0000},
	Date-Modified = {2017-09-17 05:54:36 +0000},
	Journal = {SIAM Journal on Optimization},
	Number = {1},
	Pages = {149--173},
	Publisher = {SIAM},
	Title = {Prox-penalization and splitting methods for constrained variational problems},
	Volume = {21},
	Year = {2011}}

@article{absil2005convergence,
	Author = {Absil, Pierre-Antoine and Mahony, Robert and Andrews, Benjamin},
	Date-Added = {2017-09-16 17:43:10 +0000},
	Date-Modified = {2017-09-16 17:43:10 +0000},
	Journal = {SIAM Journal on Optimization},
	Number = {2},
	Pages = {531--547},
	Publisher = {SIAM},
	Title = {Convergence of the iterates of descent methods for analytic cost functions},
	Volume = {16},
	Year = {2005}}

@article{attouch2010proximal,
	Author = {Attouch, H{\'e}dy and Bolte, J{\'e}r{\^o}me and Redont, Patrick and Soubeyran, Antoine},
	Date-Added = {2017-09-16 17:36:36 +0000},
	Date-Modified = {2017-09-16 17:36:36 +0000},
	Journal = {Mathematics of Operations Research},
	Number = {2},
	Pages = {438--457},
	Publisher = {INFORMS},
	Title = {Proximal alternating minimization and projection methods for nonconvex problems: An approach based on the Kurdyka-{\L}ojasiewicz inequality},
	Volume = {35},
	Year = {2010}}

@inproceedings{kurdyka1998gradients,
	Author = {Kurdyka, Krzysztof},
	Booktitle = {Annales de l'institut Fourier},
	Date-Added = {2017-09-16 17:34:20 +0000},
	Date-Modified = {2017-09-16 17:34:20 +0000},
	Number = {3},
	Organization = {Chartres: L'Institut, 1950-},
	Pages = {769--784},
	Title = {On gradients of functions definable in o-minimal structures},
	Volume = {48},
	Year = {1998}}

@article{Lojasiewicz84,
	Author = {S. Lojasiewicz},
	Date-Added = {2017-09-16 17:26:24 +0000},
	Date-Modified = {2017-09-16 17:27:16 +0000},
	Journal = {Seminari di Geometria, Universit{\`a} di Bologna, Istituto di GeometriaDipartamento di Matematica},
	Title = {Sur les trajectoires du gradient d'une fonction analytique},
	Year = {1984}}

@article{daniilidis2010asymptotic,
	Author = {Daniilidis, Aris and Ley, Olivier and Sabourau, St{\'e}phane},
	Date-Added = {2017-09-16 17:23:42 +0000},
	Date-Modified = {2017-09-16 17:23:42 +0000},
	Journal = {Journal de math{\'e}matiques pures et appliqu{\'e}es},
	Number = {2},
	Pages = {183--199},
	Publisher = {Elsevier},
	Title = {Asymptotic behaviour of self-contracted planar curves and gradient orbits of convex functions},
	Volume = {94},
	Year = {2010}}

@article{kurdyka2000proof,
	Author = {Kurdyka, Krzysztof and Mostowski, Tadeusz and Parusinski, Adam},
	Date-Added = {2017-09-16 17:20:44 +0000},
	Date-Modified = {2017-09-16 17:20:55 +0000},
	Journal = {Annals of Mathematics},
	Number = {3},
	Pages = {763--792},
	Publisher = {Princeton University},
	Title = {Proof of the gradient conjecture of R. Thom},
	Volume = {152},
	Year = {2000}}

@article{attouch2013convergence,
	Author = {Attouch, Hedy and Bolte, J{\'e}r{\^o}me and Svaiter, Benar Fux},
	Date-Added = {2017-09-16 16:51:15 +0000},
	Date-Modified = {2017-09-16 16:51:15 +0000},
	Journal = {Mathematical Programming},
	Number = {1-2},
	Pages = {91--129},
	Publisher = {Springer-Verlag},
	Title = {Convergence of descent methods for semi-algebraic and tame problems: proximal algorithms, forward--backward splitting, and regularized Gauss--Seidel methods},
	Volume = {137},
	Year = {2013}}

@article{haraux1998convergence,
	Author = {Haraux, Alain and Jendoubi, Mohamed-Ali},
	Date-Added = {2017-09-16 16:34:53 +0000},
	Date-Modified = {2017-09-16 16:34:53 +0000},
	Journal = {journal of differential equations},
	Number = {2},
	Pages = {313--320},
	Publisher = {Elsevier},
	Title = {Convergence of solutions of second-order gradient-like systems with analytic nonlinearities},
	Volume = {144},
	Year = {1998}}

@article{opial1967theorem,
	Author = {Opial, Zdzis{\l}aw},
	Date-Added = {2017-09-16 16:27:27 +0000},
	Date-Modified = {2017-09-16 16:27:27 +0000},
	Journal = {Journal of Differential Equations},
	Number = {1},
	Pages = {88--91},
	Publisher = {Elsevier},
	Title = {On a theorem of O. Aram{\u{a}}},
	Volume = {3},
	Year = {1967}}

@article{nguyen2016extragradient,
	Author = {Nguyen, Trong Phong and Pauwels, Edouard and Richard, Emile and Suter, Bruce W},
	Date-Added = {2017-09-14 19:34:27 +0000},
	Date-Modified = {2017-09-14 19:34:27 +0000},
	Journal = {arXiv preprint arXiv:1609.08177},
	Title = {Extragradient Method in Optimization: Convergence and Complexity},
	Year = {2016}}

@article{alvarez2000minimizing,
	Author = {Alvarez, Felipe},
	Date-Added = {2017-09-14 18:50:21 +0000},
	Date-Modified = {2017-09-14 18:50:21 +0000},
	Journal = {SIAM Journal on Control and Optimization},
	Number = {4},
	Pages = {1102--1119},
	Publisher = {SIAM},
	Title = {On the minimizing property of a second order dissipative system in Hilbert spaces},
	Volume = {38},
	Year = {2000}}

@article{attouch2000heavy,
	Author = {Attouch, Hedy and Goudou, Xavier and Redont, Patrick},
	Date-Added = {2017-09-14 18:49:29 +0000},
	Date-Modified = {2017-09-14 18:49:29 +0000},
	Journal = {Communications in Contemporary Mathematics},
	Number = {01},
	Pages = {1--34},
	Publisher = {World Scientific},
	Title = {The heavy ball with friction method, I. The continuous dynamical system: global exploration of the local minima of a real-valued function by asymptotic analysis of a dissipative dynamical system},
	Volume = {2},
	Year = {2000}}

@inproceedings{nesterov1983method,
	Author = {Nesterov, Yurii},
	Booktitle = {Soviet Mathematics Doklady},
	Date-Added = {2017-09-14 18:45:22 +0000},
	Date-Modified = {2017-09-14 18:45:22 +0000},
	Number = {2},
	Pages = {372--376},
	Title = {A method of solving a convex programming problem with convergence rate O (1/k2)},
	Volume = {27},
	Year = {1983}}

@article{antipin1994minimization,
	Author = {Antipin, Anatoly Sergeevich},
	Date-Added = {2017-09-14 17:24:00 +0000},
	Date-Modified = {2017-09-14 17:24:00 +0000},
	Journal = {Differential equations},
	Number = {9},
	Pages = {1365--1375},
	Publisher = {New York, Consultants Bureau [etc.]},
	Title = {Minimization of convex functions on convex sets by means of differential equations},
	Volume = {30},
	Year = {1994}}

@article{bruck1975asymptotic,
	Annote = {http://ac.els-cdn.com/0022123675900270/1-s2.0-0022123675900270-main.pdf?_tid=f32b9046-9af9-11e7-8848-00000aab0f01&acdnat=1505578577_a0301dce9101d01edc4a24f2c2c56930},
	Author = {Bruck, Ronald E},
	Date-Added = {2017-09-14 17:17:40 +0000},
	Date-Modified = {2017-09-16 16:13:30 +0000},
	Journal = {Journal of Functional Analysis},
	Number = {1},
	Pages = {15--26},
	Publisher = {Elsevier},
	Title = {Asymptotic convergence of nonlinear contraction semigroups in Hilbert space},
	Volume = {18},
	Year = {1975}}

@article{rockafellar1976monotone,
	Author = {Rockafellar, R Tyrrell},
	Date-Added = {2017-09-14 15:47:58 +0000},
	Date-Modified = {2017-09-14 15:47:58 +0000},
	Journal = {SIAM journal on control and optimization},
	Number = {5},
	Pages = {877--898},
	Publisher = {SIAM},
	Title = {Monotone operators and the proximal point algorithm},
	Volume = {14},
	Year = {1976}}

@article{alvarez2001inertial,
	Author = {Alvarez, Felipe and Attouch, Hedy},
	Date-Added = {2017-09-14 15:21:59 +0000},
	Date-Modified = {2017-09-14 15:21:59 +0000},
	Journal = {Set-Valued Analysis},
	Number = {1},
	Pages = {3--11},
	Publisher = {Springer},
	Title = {An inertial proximal method for maximal monotone operators via discretization of a nonlinear oscillator with damping},
	Volume = {9},
	Year = {2001}}

@book{konnov2002theory,
	Author = {Konnov, Igor V and Laitinen, Erkki},
	Date-Added = {2017-09-14 14:40:41 +0000},
	Date-Modified = {2017-09-14 14:40:41 +0000},
	Publisher = {University of Oulu, Department of Mathematical Sciences},
	Title = {Theory and applications of variational inequalities},
	Year = {2002}}

@article{mescheder2017numerics,
	Author = {Mescheder, Lars and Nowozin, Sebastian and Geiger, Andreas},
	Date-Added = {2017-09-14 14:06:11 +0000},
	Date-Modified = {2017-09-14 14:06:11 +0000},
	Journal = {arXiv preprint arXiv:1705.10461},
	Title = {The Numerics of GANs},
	Year = {2017}}

@inproceedings{taskar2006structured,
	Author = {Taskar, Ben and Lacoste-Julien, Simon and Jordan, Michael I},
	Booktitle = {Advances in neural information processing systems},
	Date-Added = {2017-09-14 14:05:22 +0000},
	Date-Modified = {2017-09-14 14:05:22 +0000},
	Pages = {1345--1352},
	Title = {Structured prediction via the extragradient method},
	Year = {2006}}

@article{korpelevich76Extragradient,
	Author = {G. M. Korpelevich},
	Date-Added = {2017-09-14 14:00:46 +0000},
	Date-Modified = {2017-09-18 12:38:06 +0000},
	Journal = {Ekonomika i Matematicheskie Metody},
	Pages = {747-756},
	Title = {The extragradient method for finding saddle points and other problems},
	Volume = {12},
	Year = {1976}}
