@inproceedings{perozzi2014deepwalk,
  title={Deepwalk: Online learning of social representations},
  author={Perozzi, Bryan and Al-Rfou, Rami and Skiena, Steven},
  booktitle={Proceedings of the 20th ACM SIGKDD international conference on Knowledge discovery and data mining},
  pages={701--710},
  year={2014},
  organization={ACM}
}

@article{jaakkola2002partially,
  title={Partially labeled classification with Markov random walks},
  author={Szummer, Martin and Jaakkola, Tommi},
  journal={Advances in neural information processing systems (NIPS)},
  volume={14},
  pages={945--952},
  year={2002}
}

@inproceedings{tishby2000data,
  title={Data clustering by markovian relaxation and the information bottleneck method},
  author={Tishby, Naftali and Slonim, Noam},
  booktitle={NIPS},
  pages={640--646},
  year={2000},
  organization={Citeseer}
}
@inproceedings{mnih2009scalable,
  title={A scalable hierarchical distributed language model},
  author={Mnih, Andriy and Hinton, Geoffrey E},
  booktitle={Advances in neural information processing systems},
  pages={1081--1088},
  year={2009}
}
@inproceedings{denton2015user,
  title={User conditional hashtag prediction for images},
  author={Denton, Emily and Weston, Jason and Paluri, Manohar and Bourdev, Lubomir and Fergus, Rob},
  booktitle={Proceedings of the 21th ACM SIGKDD International Conference on Knowledge Discovery and Data Mining},
  pages={1731--1740},
  year={2015},
  organization={ACM}
}
@article{mikolov2013efficient,
  title={Efficient estimation of word representations in vector space},
  author={Mikolov, Tomas and Chen, Kai and Corrado, Greg and Dean, Jeffrey},
  journal={arXiv preprint arXiv:1301.3781},
  year={2013}
}
@inproceedings{larochelle2012neural,
  title={A neural autoregressive topic model},
  author={Larochelle, Hugo and Lauly, Stanislas},
  booktitle={Advances in Neural Information Processing Systems},
  pages={2708--2716},
  year={2012}
}
@inproceedings{khan2014scalable,
  title={Scalable Collaborative Bayesian Preference Learning.},
  author={Khan, Mohammad Emtiyaz and Ko, Young Jun and Seeger, Matthias W},
  booktitle={AISTATS},
  pages={475--483},
  year={2014}
}
