@inproceedings{moschitti2006efficient,
  title={Efficient convolution kernels for dependency and constituent syntactic trees},
  author={Moschitti, Alessandro},
  booktitle={European Conference on Machine Learning},
  pages={318--329},
  year={2006},
  organization={Springer}
}
@inproceedings{mikolov2013linguistic,
  title={Linguistic Regularities in Continuous Space Word Representations.},
  author={Mikolov, Tomas and Yih, Wen-tau and Zweig, Geoffrey},
  booktitle={HLT-NAACL},
  volume={13},
  pages={746--751},
  year={2013}
}

@inproceedings{culotta2004dependency,
  title={Dependency tree kernels for relation extraction},
  author={Culotta, Aron and Sorensen, Jeffrey},
  booktitle={Proceedings of the 42nd Annual Meeting on Association for Computational Linguistics},
  pages={423},
  year={2004},
  organization={Association for Computational Linguistics}
}
@inproceedings{socher2011dynamic,
  title={Dynamic pooling and unfolding recursive autoencoders for paraphrase detection},
  author={Socher, Richard and Huang, Eric H and Pennin, Jeffrey and Manning, Christopher D and Ng, Andrew Y},
  booktitle={Advances in Neural Information Processing Systems},
  pages={801--809},
  year={2011}
}
@article{li2015tree,
  title={When are tree structures necessary for deep learning of representations?},
  author={Li, Jiwei and Luong, Minh-Thang and Jurafsky, Dan and Hovy, Eudard},
  journal={arXiv preprint arXiv:1503.00185},
  year={2015}
}
@inproceedings{wang2016relation,
  title={Relation Classification via Multi-Level Attention CNNs},
  author={Wang, Linlin and Cao, Zhu and de Melo, Gerard and Liu, Zhiyuan},
  booktitle={ACL},
  year = {2016}}
@article{santos2015classifying,
  title={Classifying relations by ranking with convolutional neural networks},
  author={Santos, Cicero Nogueira dos and Xiang, Bing and Zhou, Bowen},
  journal={arXiv preprint arXiv:1504.06580},
  year={2015}
}

