@inproceedings{Cohn-Gordon:Goodman:Potts:2019:SCiL,
  Author = {Cohn-Gordon, Reuben  and Goodman, Noah D.  and  Potts, Christopher},
  Title = {An Incremental Iterated Response Model of Pragmatics},
  Booktitle = {Proceedings of the Society for Computation in Linguistics},
  Location = {New York},
  Publisher = {Linguistic Society of America},
  Address = {Washington, D.C.},
  Year = {2019},
  Pages = {81--90}}

@article{jager2007game,
  title={Game dynamics connects semantics and pragmatics},
  author={Jager, Gerhard},
  journal={Game theory and linguistic meaning},
  pages={89--102},
  year={2007}
}

@book{smith1982evolution,
  title={Evolution and the Theory of Games},
  author={Smith, John Maynard},
  year={1982},
  publisher={Cambridge university press}
}

@article{hofbauer1995stability,
  title={Stability for the best response dynamics},
  author={Hofbauer, Josef},
  journal={Unpublished manuscript, University of Vienna},
  year={1995}
}

@book{lewis2008convention,
  title={Convention: A philosophical study},
  author={Lewis, David},
  year={2008},
  publisher={John Wiley \& Sons}
}
@article{van2004signalling,
  title={Signalling games select Horn strategies},
  author={Van Rooy, Robert},
  journal={Linguistics and philosophy},
  volume={27},
  number={4},
  pages={493--527},
  year={2004},
  publisher={Springer}
}
