%% This BibTeX bibliography file was created using BibDesk.
%% http://bibdesk.sourceforge.net/


%% Created for Thomas Hofmann at 2018-12-06 16:10:12 +0100 


%% Saved with string encoding Unicode (UTF-8) 



@misc{AITechDisappear2015,
	Author = {Rand Hindi},
	Date-Added = {2018-12-06 15:09:08 +0000},
	Date-Modified = {2018-12-06 15:09:57 +0000},
	Howpublished = {https://www.youtube.com/watch?v=U88Ya9krtBk},
	Title = {How artificial intelligence will make technology disappear},
	Year = {2015}}

@book{harari2014sapiens,
	Author = {Harari, Yuval Noah},
	Date-Added = {2018-11-25 10:56:48 +0000},
	Date-Modified = {2018-11-25 10:56:48 +0000},
	Publisher = {Random House},
	Title = {Sapiens: A brief history of humankind},
	Year = {2014}}

@book{cassell2000embodied,
	Author = {Cassell, Justine and Sullivan, Joseph and Churchill, Elizabeth and Prevost, Scott},
	Date-Added = {2018-11-25 10:21:14 +0000},
	Date-Modified = {2018-11-25 10:21:14 +0000},
	Publisher = {MIT press},
	Title = {Embodied conversational agents},
	Year = {2000}}

@incollection{wilson2002relevance,
	Author = {Wilson, Deirdre and Sperber, Dan},
	Booktitle = {Handbook of pragmatics},
	Date-Added = {2018-11-25 10:00:24 +0000},
	Date-Modified = {2018-11-25 10:00:24 +0000},
	Publisher = {Blackwell},
	Title = {Relevance theory},
	Year = {2002}}

@article{grice1975logic,
	Author = {Grice, H Paul},
	Date-Added = {2018-11-25 09:59:40 +0000},
	Date-Modified = {2018-11-25 09:59:40 +0000},
	Journal = {1975},
	Pages = {41--58},
	Title = {Logic and conversation},
	Year = {1975}}

@book{austin1975things,
	Author = {Austin, John Langshaw},
	Date-Added = {2018-11-25 09:58:37 +0000},
	Date-Modified = {2018-11-25 09:58:37 +0000},
	Publisher = {Oxford university press},
	Title = {How to do things with words},
	Volume = {88},
	Year = {1975}}

@book{searle1969speech,
	Author = {Searle, John R and Searle, John Rogers},
	Date-Added = {2018-11-25 09:58:01 +0000},
	Date-Modified = {2018-11-25 09:58:01 +0000},
	Publisher = {Cambridge university press},
	Title = {Speech acts: An essay in the philosophy of language},
	Volume = {626},
	Year = {1969}}

@inproceedings{levinson2006human,
	Author = {Levinson, Stephen C},
	Booktitle = {Wenner-Gren Foundation for Anthropological Research, Symposium 134},
	Date-Added = {2018-11-25 09:18:49 +0000},
	Date-Modified = {2018-11-25 09:22:32 +0000},
	Organization = {Berg},
	Pages = {39--69},
	Title = {On the human ``interaction engine"},
	Year = {2006}}
