@article{ganea2015probabilistic,
  title={Probabilistic Bag-Of-Hyperlinks Model for Entity Linking},
  author={Ganea, Octavian-Eugen and Horlescu, Marina and Lucchi, Aurelien and Eickhoff, Carsten and Hofmann, Thomas},
  journal={arXiv preprint arXiv:1509.02301},
  year={2015}
}
@inproceedings{mihalcea2007wikify,
  title={Wikify!: linking documents to encyclopedic knowledge},
  author={Mihalcea, Rada and Csomai, Andras},
  booktitle={Proceedings of the sixteenth ACM conference on Conference on information and knowledge management},
  pages={233--242},
  year={2007},
  organization={ACM}
}

@inproceedings{mikolov2013distributed,
  title={Distributed representations of words and phrases and their compositionality},
  author={Mikolov, Tomas and Sutskever, Ilya and Chen, Kai and Corrado, Greg S and Dean, Jeff},
  booktitle={Advances in neural information processing systems},
  pages={3111--3119},
  year={2013}
}

@article{le2014distributed,
  title={Distributed representations of sentences and documents},
  author={Le, Quoc V and Mikolov, Tomas},
  journal={arXiv preprint arXiv:1405.4053},
  year={2014}
}

@InProceedings{SemEval:2016:task4,
  author    = {Preslav Nakov and Alan Ritter and Sara Rosenthal and Veselin
Stoyanov and Fabrizio Sebastiani},
  title     = {{SemEval}-2016 Task 4: Sentiment Analysis in {T}witter},
  booktitle = {Proceedings of the 10th International Workshop on Semantic
Evaluation (SemEval 2016)},
  month     = {June},
  year      = {2016},
  address   = {San Diego, California},
  publisher = {Association for Computational Linguistics},}

@inproceedings{davtyan2015exploiting,
  title={Exploiting Document Content for Efficient Aggregation of Crowdsourcing Votes},
  author={Davtyan, Martin and Eickhoff, Carsten and Hofmann, Thomas},
  booktitle={Proceedings of the 24th ACM International on Conference on Information and Knowledge Management},
  pages={783--790},
  year={2015},
  organization={ACM}
}

@article{sebastiani2002machine,
  title={Machine learning in automated text categorization},
  author={Sebastiani, Fabrizio},
  journal={ACM computing surveys (CSUR)},
  volume={34},
  number={1},
  pages={1--47},
  year={2002},
  publisher={ACM}
}

@InProceedings{Deriu2016,
  author    = {Jan Deriu, Maurice Gonzenbach, Fatih Uzdilli, Aurelien Lucchi, Valeria De Luca, and Martin Jaggi},
  title     = {SwissCheese at SemEval-2016 Task 4: Sentiment classification using an ensemble of convolutional neural networks with distant supervision},
  booktitle = {Proceedings of the 10th International Workshop on Semantic Evaluation (SemEval 2016)},
  month     = {June},
  year      = {2016},
  address   = {San Diego, California},
  publisher = {Association for Computational Linguistics}
}

@book{mcdonald2007study,
  title={A study of global inference algorithms in multi-document summarization},
  author={McDonald, Ryan},
  year={2007},
  publisher={Springer}
}

@book{manning2008introduction,
  title={Introduction to information retrieval},
  author={Manning, Christopher D and Raghavan, Prabhakar and Sch{\"u}tze, Hinrich and others},
  volume={1},
  number={1},
  year={2008},
  publisher={Cambridge university press Cambridge}
}

@inproceedings{li2014interactive,
  title={Interactive summarization of social media},
  author={Li, Wen and Eickhoff, Carsten and de Vries, Arjen P},
  booktitle={Proceedings of the 5th Information Interaction in Context Symposium},
  pages={312--315},
  year={2014},
  organization={ACM}
}
@article{pang2008opinion,
  title={Opinion mining and sentiment analysis},
  author={Pang, Bo and Lee, Lillian},
  journal={Foundations and trends in information retrieval},
  volume={2},
  number={1-2},
  pages={1--135},
  year={2008},
  publisher={Now Publishers Inc.}
}

@inproceedings{banko2007open,
  title={Open information extraction for the web},
  author={Banko, Michele and Cafarella, Michael J and Soderland, Stephen and Broadhead, Matthew and Etzioni, Oren},
  booktitle={IJCAI},
  volume={7},
  pages={2670--2676},
  year={2007}
}
@inproceedings{hofmann1999probabilistic,
  title={Probabilistic latent semantic indexing},
  author={Hofmann, Thomas},
  booktitle={Proceedings of the 22nd annual international ACM SIGIR conference on Research and development in information retrieval},
  pages={50--57},
  year={1999},
  organization={ACM}
}

@article{modha2011cognitive,
  title={Cognitive computing},
  author={Modha, Dharmendra S and Ananthanarayanan, Rajagopal and Esser, Steven K and Ndirango, Anthony and Sherbondy, Anthony J and Singh, Raghavendra},
  journal={Communications of the ACM},
  volume={54},
  number={8},
  pages={62--71},
  year={2011},
  publisher={ACM}
}

@article{blei2012probabilistic,
  title={Probabilistic topic models},
  author={Blei, David M},
  journal={Communications of the ACM},
  volume={55},
  number={4},
  pages={77--84},
  year={2012},
  publisher={ACM}
}