%% This BibTeX bibliography file was created using BibDesk.
%% http://bibdesk.sourceforge.net/


%% Created for Thomas Hofmann at 2019-11-13 13:52:15 +0100 


%% Saved with string encoding Unicode (UTF-8) 



@article{kipf2016semi,
	Author = {Kipf, Thomas N and Welling, Max},
	Date-Added = {2019-11-13 13:52:11 +0100},
	Date-Modified = {2019-11-13 13:52:11 +0100},
	Journal = {arXiv preprint arXiv:1609.02907},
	Title = {Semi-supervised classification with graph convolutional networks},
	Year = {2016}}

@article{sandryhaila2013discrete,
	Author = {Sandryhaila, Aliaksei and Moura, Jos{\'e} MF},
	Date-Added = {2019-11-13 13:49:20 +0100},
	Date-Modified = {2019-11-13 13:49:20 +0100},
	Journal = {IEEE transactions on signal processing},
	Number = {7},
	Pages = {1644--1656},
	Publisher = {IEEE},
	Title = {Discrete signal processing on graphs},
	Volume = {61},
	Year = {2013}}

@inproceedings{blum2005random,
	Author = {Blum, Avrim},
	Booktitle = {International Statistical and Optimization Perspectives Workshop" Subspace, Latent Structure and Feature Selection"},
	Date-Added = {2019-11-11 17:12:56 +0100},
	Date-Modified = {2019-11-11 17:12:56 +0100},
	Organization = {Springer},
	Pages = {52--68},
	Title = {Random projection, margins, kernels, and feature-selection},
	Year = {2005}}

@inproceedings{dziugaite2018data,
	Author = {Dziugaite, Gintare Karolina and Roy, Daniel M},
	Booktitle = {Advances in Neural Information Processing Systems},
	Date-Added = {2019-11-11 09:11:56 +0100},
	Date-Modified = {2019-11-11 09:11:56 +0100},
	Pages = {8430--8441},
	Title = {Data-dependent PAC-Bayes priors via differential privacy},
	Year = {2018}}

@article{germain2011pac,
	Author = {Germain, Pascal and Lacoste, Alexandre and Laviolette, Fran{\c{c}}ois and Marchand, Mario and Shanian, Sara},
	Date-Added = {2019-11-11 08:56:59 +0100},
	Date-Modified = {2019-11-11 08:56:59 +0100},
	Publisher = {Citeseer},
	Title = {A PAC-Bayes sample compression approach to kernel methods},
	Year = {2011}}

@article{audibert2010linear,
	Author = {Audibert, Jean-Yves and Catoni, Olivier},
	Date-Added = {2019-11-10 19:05:30 +0100},
	Date-Modified = {2019-11-10 19:05:30 +0100},
	Journal = {arXiv preprint arXiv:1010.0072},
	Title = {Linear regression through PAC-Bayesian truncation},
	Year = {2010}}

@inproceedings{lever2010distribution,
	Author = {Lever, Guy and Laviolette, Fran{\c{c}}ois and Shawe-Taylor, John},
	Booktitle = {International Conference on Algorithmic Learning Theory},
	Date-Added = {2019-11-10 16:07:11 +0100},
	Date-Modified = {2019-11-10 16:07:11 +0100},
	Organization = {Springer},
	Pages = {119--133},
	Title = {Distribution-dependent PAC-Bayes priors},
	Year = {2010}}

@inproceedings{begin2016pac,
	Author = {B{\'e}gin, Luc and Germain, Pascal and Laviolette, Fran{\c{c}}ois and Roy, Jean-Francis},
	Booktitle = {Artificial Intelligence and Statistics},
	Date-Added = {2019-11-10 15:24:45 +0100},
	Date-Modified = {2019-11-10 15:24:45 +0100},
	Pages = {435--444},
	Title = {PAC-Bayesian bounds based on the R{\'e}nyi divergence},
	Year = {2016}}

@article{germain2015risk,
	Author = {Germain, Pascal and Lacasse, Alexandre and Laviolette, Francois and Marchand, Mario and Roy, Jean-Francis},
	Date-Added = {2019-11-10 15:22:37 +0100},
	Date-Modified = {2019-11-10 15:22:37 +0100},
	Journal = {The Journal of Machine Learning Research},
	Number = {1},
	Pages = {787--860},
	Publisher = {JMLR. org},
	Title = {Risk bounds for the majority vote: From a PAC-Bayesian analysis to a learning algorithm},
	Volume = {16},
	Year = {2015}}

@inproceedings{begin2014pac,
	Author = {B{\'e}gin, Luc and Germain, Pascal and Laviolette, Fran{\c{c}}ois and Roy, Jean-Francis},
	Booktitle = {Artificial Intelligence and Statistics},
	Date-Added = {2019-11-10 15:21:31 +0100},
	Date-Modified = {2019-11-10 15:21:31 +0100},
	Pages = {105--113},
	Title = {PAC-Bayesian theory for transductive learning},
	Year = {2014}}

@article{donsker1975asymptotic,
	Author = {Donsker, Monroe D and Varadhan, SR Srinivasa},
	Date-Added = {2019-11-10 15:15:28 +0100},
	Date-Modified = {2019-11-10 15:15:28 +0100},
	Journal = {Communications on Pure and Applied Mathematics},
	Number = {1},
	Pages = {1--47},
	Publisher = {Wiley Online Library},
	Title = {Asymptotic evaluation of certain Markov process expectations for large time, I},
	Volume = {28},
	Year = {1975}}

@inproceedings{lacasse2007pac,
	Author = {Lacasse, Alexandre and Laviolette, Fran{\c{c}}ois and Marchand, Mario and Germain, Pascal and Usunier, Nicolas},
	Booktitle = {Advances in Neural information processing systems},
	Date-Added = {2019-11-08 11:42:01 +0100},
	Date-Modified = {2019-11-08 11:42:01 +0100},
	Pages = {769--776},
	Title = {PAC-Bayes bounds for the risk of the majority vote and the variance of the Gibbs classifier},
	Year = {2007}}

@incollection{langford2002quantitatively,
	Author = {Langford, John},
	Booktitle = {Carnegie Mellon Thesis},
	Date-Added = {2019-11-04 17:16:02 +0100},
	Date-Modified = {2019-11-04 17:16:02 +0100},
	Pages = {130},
	Title = {Quantitatively tight sample complexity bounds},
	Year = {2002}}

@article{reddi2019convergence,
	Author = {Reddi, Sashank J and Kale, Satyen and Kumar, Sanjiv},
	Date-Added = {2019-11-04 15:46:02 +0100},
	Date-Modified = {2019-11-04 15:46:02 +0100},
	Journal = {arXiv preprint arXiv:1904.09237},
	Title = {On the convergence of adam and beyond},
	Year = {2019}}

@article{schapire1998boosting,
	Author = {Schapire, Robert E and Freund, Yoav and Bartlett, Peter and Lee, Wee Sun and others},
	Date-Added = {2019-11-04 11:13:57 +0100},
	Date-Modified = {2019-11-04 11:13:57 +0100},
	Journal = {The annals of statistics},
	Number = {5},
	Pages = {1651--1686},
	Publisher = {Institute of Mathematical Statistics},
	Title = {Boosting the margin: A new explanation for the effectiveness of voting methods},
	Volume = {26},
	Year = {1998}}

@article{langford2001bounds,
	Author = {Langford, John and Seeger, Matthias},
	Date-Added = {2019-11-04 10:33:16 +0100},
	Date-Modified = {2019-11-04 10:33:16 +0100},
	Publisher = {Citeseer},
	Title = {Bounds for averaging classifiers},
	Year = {2001}}

@inproceedings{arpit2017closer,
	Author = {Arpit, Devansh and Jastrzkebski, Stanis{\l}aw and Ballas, Nicolas and Krueger, David and Bengio, Emmanuel and Kanwal, Maxinder S and Maharaj, Tegan and Fischer, Asja and Courville, Aaron and Bengio, Yoshua and others},
	Booktitle = {Proceedings of the 34th International Conference on Machine Learning-Volume 70},
	Date-Added = {2019-11-04 06:52:52 +0100},
	Date-Modified = {2019-11-04 06:58:39 +0100},
	Organization = {JMLR. org},
	Pages = {233--242},
	Title = {A closer look at memorization in deep networks},
	Year = {2017}}

@incollection{lecun2012efficient,
	Author = {LeCun, Yann A and Bottou, L{\'e}on and Orr, Genevieve B and M{\"u}ller, Klaus-Robert},
	Booktitle = {Neural networks: Tricks of the trade},
	Date-Added = {2019-11-04 06:29:37 +0100},
	Date-Modified = {2019-11-04 06:29:37 +0100},
	Pages = {9--48},
	Publisher = {Springer},
	Title = {Efficient backprop},
	Year = {2012}}

@article{keskar2016large,
	Author = {Keskar, Nitish Shirish and Mudigere, Dheevatsa and Nocedal, Jorge and Smelyanskiy, Mikhail and Tang, Ping Tak Peter},
	Journal = {arXiv preprint arXiv:1609.04836},
	Title = {On large-batch training for deep learning: Generalization gap and sharp minima},
	Year = {2016}}

@article{zhu2018bayesian,
	Author = {Zhu, Yinhao and Zabaras, Nicholas},
	Journal = {Journal of Computational Physics},
	Pages = {415--447},
	Publisher = {Elsevier},
	Title = {Bayesian deep convolutional encoder--decoder networks for surrogate modeling and uncertainty quantification},
	Volume = {366},
	Year = {2018}}

@article{arora2019fine,
	Author = {Arora, Sanjeev and Du, Simon S and Hu, Wei and Li, Zhiyuan and Wang, Ruosong},
	Journal = {arXiv preprint arXiv:1901.08584},
	Title = {Fine-grained analysis of optimization and generalization for overparameterized two-layer neural networks},
	Year = {2019}}

@article{soudry2017exponentially,
	Author = {Soudry, Daniel and Hoffer, Elad},
	Journal = {arXiv preprint arXiv:1702.05777},
	Title = {Exponentially vanishing sub-optimal local minima in multilayer neural networks},
	Year = {2017}}

@article{du2018power,
	Author = {Du, Simon S and Lee, Jason D},
	Journal = {arXiv preprint arXiv:1803.01206},
	Title = {On the power of over-parametrization in neural networks with quadratic activation},
	Year = {2018}}

@article{golowich2017size,
	Author = {Golowich, Noah and Rakhlin, Alexander and Shamir, Ohad},
	Journal = {arXiv preprint arXiv:1712.06541},
	Title = {Size-independent sample complexity of neural networks},
	Year = {2017}}

@article{brutzkus2017sgd,
	Author = {Brutzkus, Alon and Globerson, Amir and Malach, Eran and Shalev-Shwartz, Shai},
	Journal = {arXiv preprint arXiv:1710.10174},
	Title = {Sgd learns over-parameterized networks that provably generalize on linearly separable data},
	Year = {2017}}

@article{kawaguchi2017generalization,
	Author = {Kawaguchi, Kenji and Kaelbling, Leslie Pack and Bengio, Yoshua},
	Journal = {arXiv preprint arXiv:1710.05468},
	Title = {Generalization in deep learning},
	Year = {2017}}

@inproceedings{li2018visualizing,
	Author = {Li, Hao and Xu, Zheng and Taylor, Gavin and Studer, Christoph and Goldstein, Tom},
	Booktitle = {Advances in Neural Information Processing Systems},
	Pages = {6389--6399},
	Title = {Visualizing the loss landscape of neural nets},
	Year = {2018}}

@article{mezard1985replicas,
	Author = {M{\'e}zard, Marc and Parisi, Giorgio},
	Journal = {Journal de Physique Lettres},
	Number = {17},
	Pages = {771--778},
	Publisher = {Les Editions de Physique},
	Title = {Replicas and optimization},
	Volume = {46},
	Year = {1985}}

@article{pearlmutter1994fast,
	Author = {Pearlmutter, Barak A},
	Journal = {Neural computation},
	Number = {1},
	Pages = {147--160},
	Publisher = {MIT Press},
	Title = {Fast exact multiplication by the Hessian},
	Volume = {6},
	Year = {1994}}

@inproceedings{hochreiter1995simplifying,
	Author = {Hochreiter, Sepp and Schmidhuber, J{\"u}rgen},
	Booktitle = {Advances in neural information processing systems},
	Pages = {529--536},
	Title = {Simplifying neural nets by discovering flat minima},
	Year = {1995}}

@article{hochreiter1997flat,
	Author = {Hochreiter, Sepp and Schmidhuber, J{\"u}rgen},
	Journal = {Neural Computation},
	Number = {1},
	Pages = {1--42},
	Publisher = {MIT Press},
	Title = {Flat minima},
	Volume = {9},
	Year = {1997}}

@inproceedings{hinton1993keeping,
	Author = {Hinton, Geoffrey and Van Camp, Drew},
	Booktitle = {in Proc. of the 6th Ann. ACM Conf. on Computational Learning Theory},
	Organization = {Citeseer},
	Title = {Keeping neural networks simple by minimizing the description length of the weights},
	Year = {1993}}

@article{chaudhari2016entropy,
	Author = {Chaudhari, Pratik and Choromanska, Anna and Soatto, Stefano and LeCun, Yann and Baldassi, Carlo and Borgs, Christian and Chayes, Jennifer and Sagun, Levent and Zecchina, Riccardo},
	Journal = {arXiv preprint arXiv:1611.01838},
	Title = {Entropy-sgd: Biasing gradient descent into wide valleys},
	Year = {2016}}

@article{zhang2016understanding,
	Author = {Zhang, Chiyuan and Bengio, Samy and Hardt, Moritz and Recht, Benjamin and Vinyals, Oriol},
	Journal = {arXiv preprint arXiv:1611.03530},
	Title = {Understanding deep learning requires rethinking generalization},
	Year = {2016}}

@book{engel2001statistical,
	Author = {Engel, Andreas and Van den Broeck, Christian},
	Publisher = {Cambridge University Press},
	Title = {Statistical mechanics of learning},
	Year = {2001}}

@article{jiang2018predicting,
	Author = {Jiang, Yiding and Krishnan, Dilip and Mobahi, Hossein and Bengio, Samy},
	Date-Added = {2019-10-20 18:40:41 +0200},
	Date-Modified = {2019-10-20 18:40:41 +0200},
	Journal = {arXiv preprint arXiv:1810.00113},
	Title = {Predicting the generalization gap in deep networks with margin distributions},
	Year = {2018}}

@inproceedings{bartlett2017spectrally,
	Author = {Bartlett, Peter L and Foster, Dylan J and Telgarsky, Matus J},
	Booktitle = {Advances in Neural Information Processing Systems},
	Date-Added = {2019-10-20 08:33:31 +0200},
	Date-Modified = {2019-10-20 08:33:31 +0200},
	Pages = {6240--6249},
	Title = {Spectrally-normalized margin bounds for neural networks},
	Year = {2017}}

@inproceedings{mcallester1999pac,
	Author = {McAllester, David A},
	Booktitle = {COLT},
	Date-Added = {2019-10-20 08:07:02 +0200},
	Date-Modified = {2019-10-20 08:07:02 +0200},
	Organization = {Citeseer},
	Pages = {164--170},
	Title = {PAC-Bayesian model averaging},
	Volume = {99},
	Year = {1999}}

@inproceedings{langford2002not,
	Author = {Langford, John and Caruana, Rich},
	Booktitle = {Advances in Neural Information Processing Systems},
	Date-Added = {2019-10-20 08:05:52 +0200},
	Date-Modified = {2019-11-04 10:27:11 +0100},
	Pages = {809--816},
	Title = {{(Not)} bounding the true error},
	Year = {2002}}

@article{dziugaite2017computing,
	Author = {Dziugaite, Gintare Karolina and Roy, Daniel M},
	Date-Added = {2019-10-19 14:06:32 +0200},
	Date-Modified = {2019-10-19 14:06:32 +0200},
	Journal = {arXiv preprint arXiv:1703.11008},
	Title = {Computing nonvacuous generalization bounds for deep (stochastic) neural networks with many more parameters than training data},
	Year = {2017}}

@article{belkin2019reconciling,
	Author = {Belkin, Mikhail and Hsu, Daniel and Ma, Siyuan and Mandal, Soumik},
	Date-Added = {2019-10-19 13:37:02 +0200},
	Date-Modified = {2019-10-19 13:37:02 +0200},
	Journal = {Proceedings of the National Academy of Sciences},
	Number = {32},
	Pages = {15849--15854},
	Publisher = {National Acad Sciences},
	Title = {Reconciling modern machine-learning practice and the classical bias--variance trade-off},
	Volume = {116},
	Year = {2019}}

@inproceedings{neyshabur2017exploring,
	Author = {Neyshabur, Behnam and Bhojanapalli, Srinadh and McAllester, David and Srebro, Nati},
	Booktitle = {Advances in Neural Information Processing Systems},
	Date-Added = {2019-10-19 12:15:35 +0200},
	Date-Modified = {2019-10-19 12:15:35 +0200},
	Pages = {5947--5956},
	Title = {Exploring generalization in deep learning},
	Year = {2017}}

@article{neyshabur2017pac,
	Author = {Neyshabur, Behnam and Bhojanapalli, Srinadh and Srebro, Nathan},
	Date-Added = {2019-10-19 09:06:14 +0200},
	Date-Modified = {2019-10-19 09:06:14 +0200},
	Journal = {arXiv preprint arXiv:1707.09564},
	Title = {A pac-bayesian approach to spectrally-normalized margin bounds for neural networks},
	Year = {2017}}

@article{arora2018stronger,
	Author = {Arora, Sanjeev and Ge, Rong and Neyshabur, Behnam and Zhang, Yi},
	Date-Added = {2019-10-19 08:37:16 +0200},
	Date-Modified = {2019-10-19 08:37:16 +0200},
	Journal = {arXiv preprint arXiv:1802.05296},
	Title = {Stronger generalization bounds for deep nets via a compression approach},
	Year = {2018}}

@article{baldassi2015max,
	Author = {Baldassi, Carlo and Braunstein, Alfredo},
	Journal = {Journal of Statistical Mechanics: Theory and Experiment},
	Number = {8},
	Pages = {P08008},
	Publisher = {IOP Publishing},
	Title = {A max-sum algorithm for training discrete neural networks},
	Volume = {2015},
	Year = {2015}}

@article{kabashima2003cdma,
	Author = {Kabashima, Yoshiyuki},
	Journal = {Journal of Physics A: Mathematical and General},
	Number = {43},
	Pages = {11111},
	Publisher = {IOP Publishing},
	Title = {A CDMA multiuser detection algorithm on the basis of belief propagation},
	Volume = {36},
	Year = {2003}}

@article{neirotti2005improved,
	Author = {Neirotti, Juan P and Saad, David},
	Journal = {EPL (Europhysics Letters)},
	Number = {5},
	Pages = {866},
	Publisher = {IOP Publishing},
	Title = {Improved message passing for inference in densely connected systems},
	Volume = {71},
	Year = {2005}}

@article{sompolinsky1990learning,
	Author = {Sompolinsky, Haim and Tishby, Naftali and Seung, H Sebastian},
	Journal = {Physical Review Letters},
	Number = {13},
	Pages = {1683},
	Publisher = {APS},
	Title = {Learning from examples in large neural networks},
	Volume = {65},
	Year = {1990}}

@article{cover1965,
	Author = {Cover, Thomas},
	Journal = {IEEE Transaction on Electronic Computers},
	Title = {Geometrical and Statistical Properties of Systems of Linear Inequalities with Applications in Pattern Recognition},
	Year = {1965}}

@article{baldassi2009generalization,
	Author = {Baldassi, Carlo},
	Journal = {Journal of Statistical Physics},
	Number = {5},
	Pages = {902--916},
	Publisher = {Springer},
	Title = {Generalization learning in a perceptron with binary synapses},
	Volume = {136},
	Year = {2009}}

@article{baldassi2007efficient,
	Author = {Baldassi, Carlo and Braunstein, Alfredo and Brunel, Nicolas and Zecchina, Riccardo},
	Journal = {BMC neuroscience},
	Number = {2},
	Pages = {S13},
	Publisher = {BioMed Central},
	Title = {Efficient supervised learning in networks with binary synapses},
	Volume = {8},
	Year = {2007}}

@article{braunstein2006learning,
	Author = {Braunstein, Alfredo and Zecchina, Riccardo},
	Journal = {Physical review letters},
	Number = {3},
	Pages = {030201},
	Publisher = {APS},
	Title = {Learning by message passing in networks of discrete synapses},
	Volume = {96},
	Year = {2006}}

@article{horner1992dynamics,
	Author = {Horner, Heinz},
	Journal = {Zeitschrift f{\"u}r Physik B Condensed Matter},
	Number = {2},
	Pages = {291--308},
	Publisher = {Springer},
	Title = {Dynamics of learning for the binary perceptron problem},
	Volume = {86},
	Year = {1992}}

@article{huang2014origin,
	Author = {Huang, Haiping and Kabashima, Yoshiyuki},
	Journal = {Physical Review E},
	Number = {5},
	Pages = {052813},
	Publisher = {APS},
	Title = {Origin of the computational hardness for learning with binary synapses},
	Volume = {90},
	Year = {2014}}

@article{gardner1988optimal,
	Author = {Gardner, Elizabeth and Derrida, Bernard},
	Journal = {Journal of Physics A: Mathematical and general},
	Number = {1},
	Pages = {271},
	Publisher = {IOP Publishing},
	Title = {Optimal storage properties of neural network models},
	Volume = {21},
	Year = {1988}}

@article{amit1985storing,
	Author = {Amit, Daniel J and Gutfreund, Hanoch and Sompolinsky, Haim},
	Journal = {Physical Review Letters},
	Number = {14},
	Pages = {1530},
	Publisher = {APS},
	Title = {Storing infinite numbers of patterns in a spin-glass model of neural networks},
	Volume = {55},
	Year = {1985}}

@article{gardner1987maximum,
	Author = {Gardner, Elizabeth},
	Journal = {EPL (Europhysics Letters)},
	Number = {4},
	Pages = {481},
	Publisher = {IOP Publishing},
	Title = {Maximum storage capacity in neural networks},
	Volume = {4},
	Year = {1987}}

@article{baldassi2015subdominant,
	Author = {Baldassi, Carlo and Ingrosso, Alessandro and Lucibello, Carlo and Saglietti, Luca and Zecchina, Riccardo},
	Journal = {Physical review letters},
	Number = {12},
	Pages = {128101},
	Publisher = {APS},
	Title = {Subdominant dense clusters allow for simple learning and high computational performance in neural networks with discrete synapses},
	Volume = {115},
	Year = {2015}}

@article{ding2018capacity,
	Author = {Ding, Jian and Sun, Nike},
	Journal = {arXiv preprint arXiv:1809.07742},
	Title = {Capacity lower bound for the Ising perceptron},
	Year = {2018}}

@article{krauth1989storage,
	Author = {Krauth, Werner and M{\'e}zard, Marc},
	Journal = {Journal de Physique},
	Number = {20},
	Pages = {3057--3066},
	Publisher = {Soci{\'e}t{\'e} fran{\c{c}}aise de physique},
	Title = {Storage capacity of memory networks with binary couplings},
	Volume = {50},
	Year = {1989}}

@article{baldassi2019shaping,
	Author = {Baldassi, Carlo and Pittorino, Fabrizio and Zecchina, Riccardo},
	Journal = {arXiv preprint arXiv:1905.07833},
	Title = {Shaping the learning landscape in neural networks around wide flat minima},
	Year = {2019}}

@book{zaslavsky1975facing,
	Author = {Zaslavsky, Thomas},
	Date-Added = {2019-04-05 14:17:33 +0000},
	Date-Modified = {2019-04-05 14:17:33 +0000},
	Publisher = {American Mathematical Soc.},
	Title = {Facing up to Arrangements: Face-Count Formulas for Partitions of Space by Hyperplanes: Face-count Formulas for Partitions of Space by Hyperplanes},
	Volume = {154},
	Year = {1975}}

@inproceedings{montufar2014number,
	Author = {Montufar, Guido F and Pascanu, Razvan and Cho, Kyunghyun and Bengio, Yoshua},
	Booktitle = {Advances in neural information processing systems},
	Date-Added = {2019-04-05 13:03:36 +0000},
	Date-Modified = {2019-04-05 13:03:36 +0000},
	Pages = {2924--2932},
	Title = {On the number of linear regions of deep neural networks},
	Year = {2014}}

@inproceedings{eldan2016power,
	Author = {Eldan, Ronen and Shamir, Ohad},
	Booktitle = {Conference on learning theory},
	Date-Added = {2019-04-05 12:40:41 +0000},
	Date-Modified = {2019-04-05 12:40:41 +0000},
	Pages = {907--940},
	Title = {The power of depth for feedforward neural networks},
	Year = {2016}}

@book{golub2012matrix,
	Author = {Golub, Gene H and Van Loan, Charles F},
	Publisher = {JHU press},
	Title = {Matrix computations},
	Volume = {3},
	Year = {2012}}

@article{jung2017fixed,
	Author = {Jung, Alexander},
	Journal = {Frontiers in Applied Mathematics and Statistics},
	Pages = {18},
	Publisher = {Frontiers},
	Title = {A fixed-point of view on gradient methods for big data},
	Volume = {3},
	Year = {2017}}

@inproceedings{lebanon2002learning,
	Author = {Lebanon, Guy},
	Booktitle = {Proceedings of the Nineteenth conference on Uncertainty in Artificial Intelligence},
	Date-Added = {2018-03-31 09:22:53 +0000},
	Date-Modified = {2018-03-31 09:22:53 +0000},
	Organization = {Morgan Kaufmann Publishers Inc.},
	Pages = {362--369},
	Title = {Learning riemannian metrics},
	Year = {2002}}

@article{kiefer1956consistency,
	Author = {Kiefer, Jack and Wolfowitz, Jacob},
	Date-Added = {2018-04-16 14:34:53 +0000},
	Date-Modified = {2018-04-16 14:34:53 +0000},
	Journal = {The Annals of Mathematical Statistics},
	Pages = {887--906},
	Publisher = {JSTOR},
	Title = {Consistency of the maximum likelihood estimator in the presence of infinitely many incidental parameters},
	Year = {1956}}

@article{thomas1975confidence,
	Author = {Thomas, David R and Grunkemeier, Gary L},
	Date-Added = {2018-04-16 12:06:50 +0000},
	Date-Modified = {2018-04-16 12:06:50 +0000},
	Journal = {Journal of the American Statistical Association},
	Number = {352},
	Pages = {865--871},
	Publisher = {Taylor \& Francis},
	Title = {Confidence interval estimation of survival probabilities for censored data},
	Volume = {70},
	Year = {1975}}

@book{owen2001empirical,
	Author = {Owen, Art B},
	Date-Added = {2018-04-16 10:38:50 +0000},
	Date-Modified = {2018-04-16 10:38:50 +0000},
	Publisher = {Chapman and Hall/CRC},
	Title = {Empirical likelihood},
	Year = {2001}}

@article{wilks1938large,
	Author = {Wilks, Samuel S},
	Date-Added = {2018-04-16 10:13:28 +0000},
	Date-Modified = {2018-04-16 10:13:28 +0000},
	Journal = {The Annals of Mathematical Statistics},
	Number = {1},
	Pages = {60--62},
	Publisher = {JSTOR},
	Title = {The large-sample distribution of the likelihood ratio for testing composite hypotheses},
	Volume = {9},
	Year = {1938}}

@article{neyman1933problem,
	Author = {Neyman, J and Pearson, ES},
	Date-Added = {2018-04-16 10:06:27 +0000},
	Date-Modified = {2018-04-16 10:06:27 +0000},
	Journal = {Biometrika A},
	Pages = {175--240},
	Title = {On the problem of the most efficient tests of statistical inference},
	Volume = {20},
	Year = {1933}}

@article{owen1990empirical,
	Author = {Owen, Art},
	Date-Added = {2018-04-16 09:29:50 +0000},
	Date-Modified = {2018-04-16 09:29:50 +0000},
	Journal = {The Annals of Statistics},
	Pages = {90--120},
	Publisher = {JSTOR},
	Title = {Empirical likelihood ratio confidence regions},
	Year = {1990}}

@article{ben2013robust,
	Author = {Ben-Tal, Aharon and Den Hertog, Dick and De Waegenaere, Anja and Melenberg, Bertrand and Rennen, Gijs},
	Date-Added = {2018-04-16 09:19:16 +0000},
	Date-Modified = {2018-04-16 09:19:16 +0000},
	Journal = {Management Science},
	Number = {2},
	Pages = {341--357},
	Publisher = {INFORMS},
	Title = {Robust solutions of optimization problems affected by uncertain probabilities},
	Volume = {59},
	Year = {2013}}

@article{bertsimas2018data,
	Author = {Bertsimas, Dimitris and Gupta, Vishal and Kallus, Nathan},
	Date-Added = {2018-04-16 09:18:08 +0000},
	Date-Modified = {2018-04-16 09:18:08 +0000},
	Journal = {Mathematical Programming},
	Number = {2},
	Pages = {235--292},
	Publisher = {Springer},
	Title = {Data-driven robust optimization},
	Volume = {167},
	Year = {2018}}

@article{delage2010distributionally,
	Author = {Delage, Erick and Ye, Yinyu},
	Date-Added = {2018-04-16 09:16:05 +0000},
	Date-Modified = {2018-04-16 09:16:05 +0000},
	Journal = {Operations research},
	Number = {3},
	Pages = {595--612},
	Publisher = {INFORMS},
	Title = {Distributionally robust optimization under moment uncertainty with application to data-driven problems},
	Volume = {58},
	Year = {2010}}

@book{ben2009robust,
	Author = {Ben-Tal, Aharon and El Ghaoui, Laurent and Nemirovski, Arkadi},
	Date-Added = {2018-04-16 09:13:10 +0000},
	Date-Modified = {2018-04-16 09:13:10 +0000},
	Publisher = {Princeton University Press},
	Title = {Robust optimization},
	Year = {2009}}

@article{duchi2016statistics,
	Author = {Duchi, John and Glynn, Peter and Namkoong, Hongseok},
	Date-Added = {2018-04-16 09:10:27 +0000},
	Date-Modified = {2018-04-16 09:10:27 +0000},
	Journal = {arXiv preprint arXiv:1610.03425},
	Title = {Statistics of robust optimization: A generalized empirical likelihood approach},
	Year = {2016}}

@article{berman2017optimization,
	Author = {Berman, Maxim and Blaschko, Matthew B},
	Date-Added = {2018-04-10 10:54:47 +0000},
	Date-Modified = {2018-04-10 10:54:47 +0000},
	Journal = {arXiv preprint arXiv:1705.08790},
	Title = {Optimization of the Jaccard index for image segmentation with the Lov$\backslash$'asz hinge},
	Year = {2017}}

@inproceedings{manning2014stanford,
	Author = {Manning, Christopher and Surdeanu, Mihai and Bauer, John and Finkel, Jenny and Bethard, Steven and McClosky, David},
	Booktitle = {Proceedings of 52nd annual meeting of the association for computational linguistics: system demonstrations},
	Date-Added = {2018-04-10 10:44:40 +0000},
	Date-Modified = {2018-04-10 10:44:40 +0000},
	Pages = {55--60},
	Title = {The Stanford CoreNLP natural language processing toolkit},
	Year = {2014}}

@article{chiu2015named,
	Author = {Chiu, Jason PC and Nichols, Eric},
	Date-Added = {2018-04-10 10:43:08 +0000},
	Date-Modified = {2018-04-10 10:43:08 +0000},
	Journal = {arXiv preprint arXiv:1511.08308},
	Title = {Named entity recognition with bidirectional LSTM-CNNs},
	Year = {2015}}

@article{lample2016neural,
	Author = {Lample, Guillaume and Ballesteros, Miguel and Subramanian, Sandeep and Kawakami, Kazuya and Dyer, Chris},
	Date-Added = {2018-04-10 10:40:09 +0000},
	Date-Modified = {2018-04-10 10:40:09 +0000},
	Journal = {arXiv preprint arXiv:1603.01360},
	Title = {Neural architectures for named entity recognition},
	Year = {2016}}

@inproceedings{kulkarni2016hierarchical,
	Author = {Kulkarni, Tejas D and Narasimhan, Karthik and Saeedi, Ardavan and Tenenbaum, Josh},
	Booktitle = {Advances in neural information processing systems},
	Date-Added = {2018-03-25 16:46:29 +0000},
	Date-Modified = {2018-03-25 16:46:29 +0000},
	Pages = {3675--3683},
	Title = {Hierarchical deep reinforcement learning: Integrating temporal abstraction and intrinsic motivation},
	Year = {2016}}

@inproceedings{vezhnevets2016strategic,
	Author = {Vezhnevets, Alexander and Mnih, Volodymyr and Osindero, Simon and Graves, Alex and Vinyals, Oriol and Agapiou, John and others},
	Booktitle = {Advances in neural information processing systems},
	Date-Added = {2018-03-25 16:22:12 +0000},
	Date-Modified = {2018-03-25 16:22:12 +0000},
	Pages = {3486--3494},
	Title = {Strategic attentive writer for learning macro-actions},
	Year = {2016}}

@article{florensa2017stochastic,
	Author = {Florensa, Carlos and Duan, Yan and Abbeel, Pieter},
	Date-Added = {2018-03-25 16:16:13 +0000},
	Date-Modified = {2018-03-25 16:16:13 +0000},
	Journal = {arXiv preprint arXiv:1704.03012},
	Title = {Stochastic neural networks for hierarchical reinforcement learning},
	Year = {2017}}

@inproceedings{mannor2004dynamic,
	Author = {Mannor, Shie and Menache, Ishai and Hoze, Amit and Klein, Uri},
	Booktitle = {Proceedings of the twenty-first international conference on Machine learning},
	Date-Added = {2018-03-25 15:56:09 +0000},
	Date-Modified = {2018-03-25 15:56:09 +0000},
	Organization = {ACM},
	Pages = {71},
	Title = {Dynamic abstraction in reinforcement learning via clustering},
	Year = {2004}}

@article{barto2003recent,
	Author = {Barto, Andrew G and Mahadevan, Sridhar},
	Date-Added = {2018-03-25 15:46:32 +0000},
	Date-Modified = {2018-03-25 15:46:32 +0000},
	Journal = {Discrete Event Dynamic Systems},
	Number = {4},
	Pages = {341--379},
	Publisher = {Springer},
	Title = {Recent advances in hierarchical reinforcement learning},
	Volume = {13},
	Year = {2003}}

@article{deisenroth2013survey,
	Author = {Deisenroth, Marc Peter and Neumann, Gerhard and Peters, Jan and others},
	Date-Added = {2018-03-21 16:28:17 +0000},
	Date-Modified = {2018-03-21 16:28:17 +0000},
	Journal = {Foundations and Trends{\textregistered} in Robotics},
	Number = {1--2},
	Pages = {1--142},
	Publisher = {Now Publishers, Inc.},
	Title = {A survey on policy search for robotics},
	Volume = {2},
	Year = {2013}}

@techreport{korf1983learning,
	Author = {Korf, Richard E},
	Date-Added = {2018-03-21 09:32:40 +0000},
	Date-Modified = {2018-03-21 09:32:40 +0000},
	Institution = {CARNEGIE-MELLON UNIV PITTSBURGH PA DEPT OF COMPUTER SCIENCE},
	Title = {Learning to solve problems by searching for macro-operators},
	Year = {1983}}

@incollection{singh1992scaling,
	Author = {Singh, Satinder P},
	Booktitle = {Machine Learning Proceedings 1992},
	Date-Added = {2018-03-21 09:27:52 +0000},
	Date-Modified = {2018-03-21 09:27:52 +0000},
	Pages = {406--415},
	Publisher = {Elsevier},
	Title = {Scaling reinforcement learning algorithms by learning variable temporal resolution models},
	Year = {1992}}

@inproceedings{dayan1993feudal,
	Author = {Dayan, Peter and Hinton, Geoffrey E},
	Booktitle = {Advances in neural information processing systems},
	Date-Added = {2018-03-20 15:42:57 +0000},
	Date-Modified = {2018-03-20 15:42:57 +0000},
	Pages = {271--278},
	Title = {Feudal reinforcement learning},
	Year = {1993}}

@book{sutton1998reinforcement,
	Author = {Sutton, Richard S and Barto, Andrew G},
	Date-Added = {2018-03-20 15:38:46 +0000},
	Date-Modified = {2018-03-20 15:39:40 +0000},
	Publisher = {MIT Press Cambridge},
	Title = {Reinforcement learning: An introduction},
	Year = {1998}}

@book{deacon2011incomplete,
	Author = {Deacon, Terrence W},
	Date-Added = {2018-03-20 15:33:16 +0000},
	Date-Modified = {2018-03-20 15:33:16 +0000},
	Publisher = {WW Norton \& Company},
	Title = {Incomplete nature: How mind emerged from matter},
	Year = {2011}}

@article{schulman2015high,
	Author = {Schulman, John and Moritz, Philipp and Levine, Sergey and Jordan, Michael and Abbeel, Pieter},
	Date-Added = {2018-03-20 15:04:01 +0000},
	Date-Modified = {2018-03-20 15:04:01 +0000},
	Journal = {arXiv preprint arXiv:1506.02438},
	Title = {High-dimensional continuous control using generalized advantage estimation},
	Year = {2015}}

@inproceedings{heess2015learning,
	Author = {Heess, Nicolas and Wayne, Gregory and Silver, David and Lillicrap, Tim and Erez, Tom and Tassa, Yuval},
	Booktitle = {Advances in Neural Information Processing Systems},
	Date-Added = {2018-03-20 15:03:14 +0000},
	Date-Modified = {2018-03-20 15:03:14 +0000},
	Pages = {2944--2952},
	Title = {Learning continuous control policies by stochastic value gradients},
	Year = {2015}}

@article{levine2016end,
	Author = {Levine, Sergey and Finn, Chelsea and Darrell, Trevor and Abbeel, Pieter},
	Date-Added = {2018-03-20 15:02:33 +0000},
	Date-Modified = {2018-03-20 15:02:33 +0000},
	Journal = {The Journal of Machine Learning Research},
	Number = {1},
	Pages = {1334--1373},
	Publisher = {JMLR. org},
	Title = {End-to-end training of deep visuomotor policies},
	Volume = {17},
	Year = {2016}}

@article{schaeffer1989history,
	Author = {Schaeffer, Jonathan},
	Date-Added = {2018-03-20 14:52:01 +0000},
	Date-Modified = {2018-03-20 14:52:01 +0000},
	Journal = {IEEE transactions on pattern analysis and machine intelligence},
	Number = {11},
	Pages = {1203--1212},
	Publisher = {IEEE},
	Title = {The history heuristic and alpha-beta search enhancements in practice},
	Volume = {11},
	Year = {1989}}

@book{hsu2004behind,
	Author = {Hsu, Feng-Hsiung},
	Date-Added = {2018-03-20 14:46:14 +0000},
	Date-Modified = {2018-03-20 14:46:14 +0000},
	Publisher = {Princeton University Press},
	Title = {Behind Deep Blue: Building the computer that defeated the world chess champion},
	Year = {2004}}

@article{campbell2002deep,
	Author = {Campbell, Murray and Hoane Jr, A Joseph and Hsu, Feng-hsiung},
	Date-Added = {2018-03-20 14:45:12 +0000},
	Date-Modified = {2018-03-20 14:45:12 +0000},
	Journal = {Artificial intelligence},
	Number = {1-2},
	Pages = {57--83},
	Publisher = {Elsevier},
	Title = {Deep blue},
	Volume = {134},
	Year = {2002}}

@article{silver2017alphazero,
	Author = {Silver, David and Hubert, Thomas and Schrittwieser, Julian and Antonoglou, Ioannis and Lai, Matthew and Guez, Arthur and Lanctot, Marc and Sifre, Laurent and Kumaran, Dharshan and Graepel, Thore and others},
	Date-Added = {2018-03-20 14:42:44 +0000},
	Date-Modified = {2018-03-20 14:43:00 +0000},
	Journal = {arXiv preprint arXiv:1712.01815},
	Title = {Mastering Chess and Shogi by Self-Play with a General Reinforcement Learning Algorithm},
	Year = {2017}}

@book{mclachlan2007algorithm,
	Author = {McLachlan, Geoffrey and Krishnan, Thriyambakam},
	Date-Added = {2018-03-12 18:30:35 +0000},
	Date-Modified = {2018-03-12 18:30:35 +0000},
	Publisher = {John Wiley \& Sons},
	Title = {The EM algorithm and extensions},
	Volume = {382},
	Year = {2007}}

@article{sinha2017certifiable,
	Author = {Sinha, Aman and Namkoong, Hongseok and Duchi, John},
	Date-Added = {2018-02-12 10:45:03 +0000},
	Date-Modified = {2018-02-12 10:45:03 +0000},
	Journal = {arXiv preprint arXiv:1710.10571},
	Title = {Certifiable Distributional Robustness with Principled Adversarial Training},
	Year = {2017}}

@article{goodfellow2014explaining,
	Author = {Goodfellow, Ian J and Shlens, Jonathon and Szegedy, Christian},
	Date-Added = {2018-02-10 09:17:02 +0000},
	Date-Modified = {2018-02-10 09:17:02 +0000},
	Journal = {arXiv preprint arXiv:1412.6572},
	Title = {Explaining and harnessing adversarial examples},
	Year = {2014}}

@article{szegedy2013intriguing,
	Author = {Szegedy, Christian and Zaremba, Wojciech and Sutskever, Ilya and Bruna, Joan and Erhan, Dumitru and Goodfellow, Ian and Fergus, Rob},
	Date-Added = {2018-02-10 09:16:31 +0000},
	Date-Modified = {2018-02-10 09:16:31 +0000},
	Journal = {arXiv preprint arXiv:1312.6199},
	Title = {Intriguing properties of neural networks},
	Year = {2013}}

@article{shimodaira2000improving,
	Author = {Shimodaira, Hidetoshi},
	Date-Added = {2018-02-10 09:00:38 +0000},
	Date-Modified = {2018-02-10 09:00:38 +0000},
	Journal = {Journal of statistical planning and inference},
	Number = {2},
	Pages = {227--244},
	Publisher = {Elsevier},
	Title = {Improving predictive inference under covariate shift by weighting the log-likelihood function},
	Volume = {90},
	Year = {2000}}

@article{huber1981robust,
	Author = {Huber, Peter},
	Date-Added = {2018-02-10 08:31:56 +0000},
	Date-Modified = {2018-02-10 08:32:14 +0000},
	Journal = {New York: John Wiley},
	Title = {Robust Statistics},
	Year = {1981}}

@book{van1998asymptotic,
	Author = {Van der Vaart, Aad W},
	Date-Added = {2018-02-05 15:58:18 +0000},
	Date-Modified = {2018-02-05 16:00:21 +0000},
	Publisher = {Cambridge University Press},
	Series = {Cambridge Series in Statistical and Probabilistic Mathematics},
	Title = {Asymptotic statistics},
	Year = {1998}}

@article{buehlmann2006boosting,
	Author = {Buehlmann, Peter},
	Date-Added = {2018-02-01 10:47:37 +0000},
	Date-Modified = {2018-02-01 10:47:37 +0000},
	Journal = {The Annals of Statistics},
	Pages = {559--583},
	Publisher = {JSTOR},
	Title = {Boosting for high-dimensional linear models},
	Year = {2006}}

@article{friedman2000additive,
	Author = {Friedman, Jerome and Hastie, Trevor and Tibshirani, Robert and others},
	Date-Added = {2018-02-01 10:46:51 +0000},
	Date-Modified = {2018-02-01 10:46:51 +0000},
	Journal = {The annals of statistics},
	Number = {2},
	Pages = {337--407},
	Publisher = {Institute of Mathematical Statistics},
	Title = {Additive logistic regression: a statistical view of boosting (with discussion and a rejoinder by the authors)},
	Volume = {28},
	Year = {2000}}

@article{tutz2007boosting,
	Author = {Tutz, Gerhard and Binder, Harald},
	Date-Added = {2018-02-01 10:44:40 +0000},
	Date-Modified = {2018-02-01 10:44:40 +0000},
	Journal = {Computational Statistics \& Data Analysis},
	Number = {12},
	Pages = {6044--6059},
	Publisher = {Elsevier},
	Title = {Boosting ridge regression},
	Volume = {51},
	Year = {2007}}

@article{breiman1993hinging,
	Author = {Breiman, Leo},
	Date-Added = {2018-02-01 10:00:45 +0000},
	Date-Modified = {2018-02-01 10:00:45 +0000},
	Journal = {IEEE Transactions on Information Theory},
	Number = {3},
	Pages = {999--1013},
	Publisher = {IEEE},
	Title = {Hinging hyperplanes for regression, classification, and function approximation},
	Volume = {39},
	Year = {1993}}

@inproceedings{chung2015recurrent,
	Author = {Chung, Junyoung and Kastner, Kyle and Dinh, Laurent and Goel, Kratarth and Courville, Aaron C and Bengio, Yoshua},
	Booktitle = {Advances in neural information processing systems},
	Date-Added = {2018-01-22 09:16:15 +0000},
	Date-Modified = {2018-01-22 09:16:15 +0000},
	Pages = {2980--2988},
	Title = {A recurrent latent variable model for sequential data},
	Year = {2015}}

@article{luong2015effective,
	Author = {Luong, Minh-Thang and Pham, Hieu and Manning, Christopher D},
	Date-Added = {2018-01-22 07:57:22 +0000},
	Date-Modified = {2018-01-22 07:57:22 +0000},
	Journal = {arXiv preprint arXiv:1508.04025},
	Title = {Effective approaches to attention-based neural machine translation},
	Year = {2015}}

@article{schwenk2007continuous,
	Author = {Schwenk, Holger},
	Date-Added = {2018-01-22 07:50:28 +0000},
	Date-Modified = {2018-01-22 07:50:28 +0000},
	Journal = {Computer Speech \& Language},
	Number = {3},
	Pages = {492--518},
	Publisher = {Elsevier},
	Title = {Continuous space language models},
	Volume = {21},
	Year = {2007}}

@article{bengio2003neural,
	Author = {Bengio, Yoshua and Ducharme, R{\'e}jean and Vincent, Pascal and Jauvin, Christian},
	Date-Added = {2018-01-22 07:40:33 +0000},
	Date-Modified = {2018-01-22 07:40:33 +0000},
	Journal = {Journal of machine learning research},
	Number = {Feb},
	Pages = {1137--1155},
	Title = {A neural probabilistic language model},
	Volume = {3},
	Year = {2003}}

@article{litjens2017survey,
	Author = {Litjens, Geert and Kooi, Thijs and Bejnordi, Babak Ehteshami and Setio, Arnaud Arindra Adiyoso and Ciompi, Francesco and Ghafoorian, Mohsen and van der Laak, Jeroen AWM and van Ginneken, Bram and S{\'a}nchez, Clara I},
	Date-Added = {2018-01-14 16:02:21 +0000},
	Date-Modified = {2018-01-14 16:02:21 +0000},
	Journal = {arXiv preprint arXiv:1702.05747},
	Title = {A survey on deep learning in medical image analysis},
	Year = {2017}}

@article{esteva2017dermatologist,
	Author = {Esteva, Andre and Kuprel, Brett and Novoa, Roberto A and Ko, Justin and Swetter, Susan M and Blau, Helen M and Thrun, Sebastian},
	Date-Added = {2018-01-14 15:59:45 +0000},
	Date-Modified = {2018-01-14 15:59:45 +0000},
	Journal = {Nature},
	Number = {7639},
	Pages = {115--118},
	Publisher = {Nature Research},
	Title = {Dermatologist-level classification of skin cancer with deep neural networks},
	Volume = {542},
	Year = {2017}}

@article{yu2016predicting,
	Author = {Yu, Kun-Hsing and Zhang, Ce and Berry, Gerald J and Altman, Russ B and R{\'e}, Christopher and Rubin, Daniel L and Snyder, Michael},
	Date-Added = {2018-01-14 14:31:07 +0000},
	Date-Modified = {2018-01-14 14:31:07 +0000},
	Journal = {Nature communications},
	Publisher = {Nature Research},
	Title = {Predicting non-small cell lung cancer prognosis by fully automated microscopic pathology image features},
	Volume = {7},
	Year = {2016}}

@article{conklin2012stroma,
	Author = {Conklin, Matthew W and Keely, Patricia J},
	Date-Added = {2018-01-14 14:20:19 +0000},
	Date-Modified = {2018-01-14 14:20:19 +0000},
	Journal = {Cell adhesion \& migration},
	Number = {3},
	Pages = {249--260},
	Publisher = {Taylor \& Francis},
	Title = {Why the stroma matters in breast cancer: insights into breast cancer patient outcomes through the examination of stromal biomarkers},
	Volume = {6},
	Year = {2012}}

@article{beck2011systematic,
	Author = {Beck, Andrew H and Sangoi, Ankur R and Leung, Samuel and Marinelli, Robert J and Nielsen, Torsten O and Van De Vijver, Marc J and West, Robert B and Van De Rijn, Matt and Koller, Daphne},
	Date-Added = {2018-01-14 14:16:23 +0000},
	Date-Modified = {2018-01-14 14:16:23 +0000},
	Journal = {Science translational medicine},
	Number = {108},
	Pages = {108ra113--108ra113},
	Publisher = {American Association for the Advancement of Science},
	Title = {Systematic analysis of breast cancer morphology uncovers stromal features associated with survival},
	Volume = {3},
	Year = {2011}}

@article{bah2010improved,
	Author = {Bah, Bubacarr and Tanner, Jared},
	Date-Added = {2017-12-30 11:25:51 +0000},
	Date-Modified = {2017-12-30 11:25:51 +0000},
	Journal = {SIAM Journal on Matrix Analysis and Applications},
	Number = {5},
	Pages = {2882--2898},
	Publisher = {SIAM},
	Title = {Improved bounds on restricted isometry constants for Gaussian matrices},
	Volume = {31},
	Year = {2010}}

@article{candes2008restricted,
	Author = {Candes, Emmanuel J},
	Date-Added = {2017-12-30 08:42:34 +0000},
	Date-Modified = {2017-12-30 08:42:34 +0000},
	Journal = {Comptes Rendus Mathematique},
	Number = {9-10},
	Pages = {589--592},
	Publisher = {Elsevier},
	Title = {The restricted isometry property and its implications for compressed sensing},
	Volume = {346},
	Year = {2008}}

@article{candes2005decoding,
	Author = {Candes, Emmanuel J and Tao, Terence},
	Date-Added = {2017-12-30 08:21:14 +0000},
	Date-Modified = {2017-12-30 08:21:14 +0000},
	Journal = {IEEE transactions on information theory},
	Number = {12},
	Pages = {4203--4215},
	Publisher = {IEEE},
	Title = {Decoding by linear programming},
	Volume = {51},
	Year = {2005}}

@book{goodfellow2016deep,
	Author = {Goodfellow, Ian and Bengio, Yoshua and Courville, Aaron},
	Date-Added = {2017-12-26 14:35:17 +0000},
	Date-Modified = {2017-12-26 14:35:17 +0000},
	Publisher = {MIT press},
	Title = {Deep learning},
	Year = {2016}}

@inproceedings{bengio2003quick,
	Author = {Bengio, Yoshua and Sen{\'e}cal, Jean-S{\'e}bastien and others},
	Booktitle = {AISTATS},
	Date-Added = {2017-12-21 08:26:30 +0000},
	Date-Modified = {2017-12-21 08:26:30 +0000},
	Title = {Quick Training of Probabilistic Neural Nets by Importance Sampling.},
	Year = {2003}}

@inproceedings{salakhutdinov2010efficient,
	Author = {Salakhutdinov, Ruslan and Larochelle, Hugo},
	Booktitle = {Proceedings of the Thirteenth International Conference on Artificial Intelligence and Statistics},
	Date-Added = {2017-12-17 06:37:17 +0000},
	Date-Modified = {2017-12-17 06:37:17 +0000},
	Pages = {693--700},
	Title = {Efficient learning of deep Boltzmann machines},
	Year = {2010}}

@misc{doucet2011sequential,
	Author = {Arnaud Doucet, Nando de Freitas, Neil Gordon},
	Date-Added = {2017-12-16 12:23:53 +0000},
	Date-Modified = {2017-12-16 12:24:34 +0000},
	Howpublished = {Springer},
	Title = {Sequential Monte Carlo Methods in Practice}}

@inproceedings{mikolov2010recurrent,
	Author = {Mikolov, Tomas and Karafi{\'a}t, Martin and Burget, Lukas and Cernock{\`y}, Jan and Khudanpur, Sanjeev},
	Booktitle = {Interspeech},
	Date-Added = {2017-12-16 11:24:50 +0000},
	Date-Modified = {2017-12-16 11:24:50 +0000},
	Pages = {3},
	Title = {Recurrent neural network based language model.},
	Volume = {2},
	Year = {2010}}

@article{chan2015listen,
	Author = {Chan, William and Jaitly, Navdeep and Le, Quoc V and Vinyals, Oriol},
	Date-Added = {2017-12-16 11:22:24 +0000},
	Date-Modified = {2017-12-16 11:22:24 +0000},
	Journal = {arXiv preprint arXiv:1508.01211},
	Title = {Listen, attend and spell},
	Year = {2015}}

@inproceedings{chorowski2015attention,
	Author = {Chorowski, Jan K and Bahdanau, Dzmitry and Serdyuk, Dmitriy and Cho, Kyunghyun and Bengio, Yoshua},
	Booktitle = {Advances in Neural Information Processing Systems},
	Date-Added = {2017-12-16 11:21:51 +0000},
	Date-Modified = {2017-12-16 11:21:51 +0000},
	Pages = {577--585},
	Title = {Attention-based models for speech recognition},
	Year = {2015}}

@inproceedings{karpathy2015deep,
	Author = {Karpathy, Andrej and Fei-Fei, Li},
	Booktitle = {Proceedings of the IEEE Conference on Computer Vision and Pattern Recognition},
	Date-Added = {2017-12-16 11:21:00 +0000},
	Date-Modified = {2017-12-16 11:21:00 +0000},
	Pages = {3128--3137},
	Title = {Deep visual-semantic alignments for generating image descriptions},
	Year = {2015}}

@inproceedings{xu2015show,
	Author = {Xu, Kelvin and Ba, Jimmy and Kiros, Ryan and Cho, Kyunghyun and Courville, Aaron and Salakhudinov, Ruslan and Zemel, Rich and Bengio, Yoshua},
	Booktitle = {International Conference on Machine Learning},
	Date-Added = {2017-12-16 11:19:46 +0000},
	Date-Modified = {2017-12-16 11:19:46 +0000},
	Pages = {2048--2057},
	Title = {Show, attend and tell: Neural image caption generation with visual attention},
	Year = {2015}}

@inproceedings{vinyals2015show,
	Author = {Vinyals, Oriol and Toshev, Alexander and Bengio, Samy and Erhan, Dumitru},
	Booktitle = {Proceedings of the IEEE conference on computer vision and pattern recognition},
	Date-Added = {2017-12-16 11:19:09 +0000},
	Date-Modified = {2017-12-16 11:19:09 +0000},
	Pages = {3156--3164},
	Title = {Show and tell: A neural image caption generator},
	Year = {2015}}

@inproceedings{donahue2015long,
	Author = {Donahue, Jeffrey and Anne Hendricks, Lisa and Guadarrama, Sergio and Rohrbach, Marcus and Venugopalan, Subhashini and Saenko, Kate and Darrell, Trevor},
	Booktitle = {Proceedings of the IEEE conference on computer vision and pattern recognition},
	Date-Added = {2017-12-16 11:18:12 +0000},
	Date-Modified = {2017-12-16 11:18:12 +0000},
	Pages = {2625--2634},
	Title = {Long-term recurrent convolutional networks for visual recognition and description},
	Year = {2015}}

@article{kiros2014unifying,
	Author = {Kiros, Ryan and Salakhutdinov, Ruslan and Zemel, Richard S},
	Date-Added = {2017-12-16 11:17:20 +0000},
	Date-Modified = {2017-12-16 11:17:20 +0000},
	Journal = {arXiv preprint arXiv:1411.2539},
	Title = {Unifying visual-semantic embeddings with multimodal neural language models},
	Year = {2014}}

@inproceedings{konda2000actor,
	Author = {Konda, Vijay R and Tsitsiklis, John N},
	Booktitle = {Advances in neural information processing systems},
	Date-Added = {2017-12-16 05:54:32 +0000},
	Date-Modified = {2017-12-16 05:54:32 +0000},
	Pages = {1008--1014},
	Title = {Actor-critic algorithms},
	Year = {2000}}

@inproceedings{sutton2000policy,
	Author = {Sutton, Richard S and McAllester, David A and Singh, Satinder P and Mansour, Yishay},
	Booktitle = {Advances in neural information processing systems},
	Date-Added = {2017-12-16 05:53:21 +0000},
	Date-Modified = {2017-12-16 05:53:21 +0000},
	Pages = {1057--1063},
	Title = {Policy gradient methods for reinforcement learning with function approximation},
	Year = {2000}}

@article{lee2017end,
	Author = {Lee, Kenton and He, Luheng and Lewis, Mike and Zettlemoyer, Luke},
	Date-Added = {2017-12-15 18:17:10 +0000},
	Date-Modified = {2017-12-15 18:17:10 +0000},
	Journal = {arXiv preprint arXiv:1707.07045},
	Title = {End-to-end neural coreference resolution},
	Year = {2017}}

@article{liu2017empower,
	Author = {Liu, Liyuan and Shang, Jingbo and Xu, Frank and Ren, Xiang and Gui, Huan and Peng, Jian and Han, Jiawei},
	Date-Added = {2017-12-15 17:48:11 +0000},
	Date-Modified = {2017-12-15 17:48:11 +0000},
	Journal = {arXiv preprint arXiv:1709.04109},
	Title = {Empower Sequence Labeling with Task-Aware Neural Language Model},
	Year = {2017}}

@inproceedings{namkoong2017variance,
	Author = {Namkoong, Hongseok and Duchi, John C},
	Booktitle = {Advances in Neural Information Processing Systems},
	Date-Added = {2017-12-15 13:21:00 +0000},
	Date-Modified = {2017-12-15 13:21:00 +0000},
	Pages = {2975--2983},
	Title = {Variance-based Regularization with Convex Objectives},
	Year = {2017}}

@inproceedings{namkoong2016stochastic,
	Author = {Namkoong, Hongseok and Duchi, John C},
	Booktitle = {Advances in Neural Information Processing Systems},
	Date-Added = {2017-12-15 13:20:37 +0000},
	Date-Modified = {2017-12-15 13:20:37 +0000},
	Pages = {2208--2216},
	Title = {Stochastic gradient methods for distributionally robust optimization with f-divergences},
	Year = {2016}}

@inproceedings{klaas2006fast,
	Author = {Klaas, Mike and Briers, Mark and De Freitas, Nando and Doucet, Arnaud and Maskell, Simon and Lang, Dustin},
	Booktitle = {Proceedings of the 23rd international conference on Machine learning},
	Date-Added = {2017-12-14 11:17:39 +0000},
	Date-Modified = {2017-12-14 11:17:39 +0000},
	Organization = {ACM},
	Pages = {481--488},
	Title = {Fast particle smoothing: If I had a million particles},
	Year = {2006}}

@article{leblond2017searnn,
	Author = {Leblond, R{\'e}mi and Alayrac, Jean-Baptiste and Osokin, Anton and Lacoste-Julien, Simon},
	Date-Added = {2017-12-14 10:17:26 +0000},
	Date-Modified = {2017-12-14 10:17:26 +0000},
	Journal = {arXiv preprint arXiv:1706.04499},
	Title = {SEARNN: Training RNNs with Global-Local Losses},
	Year = {2017}}

@inproceedings{fraccaro2016sequential,
	Author = {Fraccaro, Marco and S{\o}nderby, S{\o}ren Kaae and Paquet, Ulrich and Winther, Ole},
	Booktitle = {Advances in Neural Information Processing Systems},
	Date-Added = {2017-12-14 08:54:32 +0000},
	Date-Modified = {2017-12-14 08:54:32 +0000},
	Pages = {2199--2207},
	Title = {Sequential neural models with stochastic layers},
	Year = {2016}}

@article{huszar2015not,
	Author = {Husz{\'a}r, Ferenc},
	Date-Added = {2017-12-14 06:26:31 +0000},
	Date-Modified = {2017-12-14 06:26:31 +0000},
	Journal = {arXiv preprint arXiv:1511.05101},
	Title = {How (not) to Train your Generative Model: Scheduled Sampling, Likelihood, Adversary?},
	Year = {2015}}

@article{graves2013generating,
	Author = {Graves, Alex},
	Date-Added = {2017-12-14 06:00:51 +0000},
	Date-Modified = {2017-12-14 06:00:51 +0000},
	Journal = {arXiv preprint arXiv:1308.0850},
	Title = {Generating sequences with recurrent neural networks},
	Year = {2013}}

@article{rey2013weighted,
	Author = {Rey, William},
	Date-Added = {2017-12-12 16:02:38 +0000},
	Date-Modified = {2017-12-12 16:02:38 +0000},
	Journal = {arXiv preprint arXiv:1302.0360},
	Title = {On weighted low-rank approximation},
	Year = {2013}}

@article{gillis2011low,
	Author = {Gillis, Nicolas and Glineur, Fran{\c{c}}ois},
	Date-Added = {2017-12-12 15:23:53 +0000},
	Date-Modified = {2017-12-12 15:23:53 +0000},
	Journal = {SIAM Journal on Matrix Analysis and Applications},
	Number = {4},
	Pages = {1149--1165},
	Publisher = {SIAM},
	Title = {Low-rank matrix approximation with weights or missing data is NP-hard},
	Volume = {32},
	Year = {2011}}

@article{lanckriet2004learning,
	Author = {Lanckriet, Gert RG and Cristianini, Nello and Bartlett, Peter and Ghaoui, Laurent El and Jordan, Michael I},
	Date-Added = {2017-12-12 14:23:41 +0000},
	Date-Modified = {2017-12-12 14:23:41 +0000},
	Journal = {Journal of Machine learning research},
	Number = {Jan},
	Pages = {27--72},
	Title = {Learning the kernel matrix with semidefinite programming},
	Volume = {5},
	Year = {2004}}

@article{owen2013monte,
	Author = {Owen, Art B},
	Date-Added = {2017-12-11 17:24:56 +0000},
	Date-Modified = {2017-12-11 17:24:56 +0000},
	Journal = {Monte Carlo Theory, Methods and Examples. Art Owen},
	Title = {Monte Carlo theory, methods and examples},
	Year = {2013}}

@article{sadeghi2014learning,
	Author = {Sadeghi, Mostafa and Babaie-Zadeh, Massoud and Jutten, Christian},
	Date-Added = {2017-12-11 08:56:15 +0000},
	Date-Modified = {2017-12-11 08:56:15 +0000},
	Journal = {IEEE Transactions on Signal Processing},
	Number = {4},
	Pages = {883--891},
	Publisher = {IEEE},
	Title = {Learning overcomplete dictionaries based on atom-by-atom updating},
	Volume = {62},
	Year = {2014}}

@article{cai2010singular,
	Author = {Cai, Jian-Feng and Cand{\`e}s, Emmanuel J and Shen, Zuowei},
	Date-Added = {2017-12-11 07:50:54 +0000},
	Date-Modified = {2017-12-11 07:50:54 +0000},
	Journal = {SIAM Journal on Optimization},
	Number = {4},
	Pages = {1956--1982},
	Publisher = {SIAM},
	Title = {A singular value thresholding algorithm for matrix completion},
	Volume = {20},
	Year = {2010}}

@article{murphy2012learning,
	Author = {Murphy, Brian and Talukdar, Partha and Mitchell, Tom},
	Date-Added = {2017-12-10 18:07:27 +0000},
	Date-Modified = {2017-12-10 18:07:27 +0000},
	Journal = {Proceedings of COLING 2012},
	Pages = {1933--1950},
	Title = {Learning effective and interpretable semantic models using non-negative sparse embedding},
	Year = {2012}}

@inproceedings{potapenko2017interpretable,
	Author = {Potapenko, Anna and Popov, Artem and Vorontsov, Konstantin},
	Booktitle = {Conference on Artificial Intelligence and Natural Language},
	Date-Added = {2017-12-10 14:58:18 +0000},
	Date-Modified = {2017-12-10 14:58:18 +0000},
	Organization = {Springer},
	Pages = {167--180},
	Title = {Interpretable probabilistic embeddings: bridging the gap between topic models and neural networks},
	Year = {2017}}

@article{senel2017semantic,
	Author = {Senel, Lutfi Kerem and Utlu, Ihsan and Yucesoy, Veysel and Koc, Aykut and Cukur, Tolga},
	Date-Added = {2017-12-10 13:40:04 +0000},
	Date-Modified = {2017-12-10 13:40:04 +0000},
	Journal = {arXiv preprint arXiv:1711.00331},
	Title = {Semantic Structure and Interpretability of Word Embeddings},
	Year = {2017}}

@inproceedings{choromanska2015loss,
	Author = {Choromanska, Anna and Henaff, Mikael and Mathieu, Michael and Arous, G{\'e}rard Ben and LeCun, Yann},
	Booktitle = {Artificial Intelligence and Statistics},
	Pages = {192--204},
	Title = {The loss surfaces of multilayer networks},
	Year = {2015}}

@book{mezard1987spin,
	Author = {M{\'e}zard, Marc and Parisi, Giorgio and Virasoro, Miguel},
	Publisher = {World Scientific Publishing Company},
	Title = {Spin glass theory and beyond: An Introduction to the Replica Method and Its Applications},
	Volume = {9},
	Year = {1987}}

@article{subramanian2017spine,
	Author = {Subramanian, Anant and Pruthi, Danish and Jhamtani, Harsh and Berg-Kirkpatrick, Taylor and Hovy, Eduard},
	Date-Added = {2017-12-10 13:37:23 +0000},
	Date-Modified = {2017-12-10 13:37:23 +0000},
	Journal = {arXiv preprint arXiv:1711.08792},
	Title = {SPINE: SParse Interpretable Neural Embeddings},
	Year = {2017}}

@inproceedings{chen2017learning,
	Author = {Chen, Yunchuan and Li, Ge and Jin, Zhi},
	Booktitle = {International Conference on Knowledge Science, Engineering and Management},
	Date-Added = {2017-12-10 13:29:14 +0000},
	Date-Modified = {2017-12-10 13:29:14 +0000},
	Organization = {Springer},
	Pages = {3--15},
	Title = {Learning Sparse Overcomplete Word Vectors Without Intermediate Dense Representations},
	Year = {2017}}

@article{chen2016compressing,
	Author = {Chen, Yunchuan and Mou, Lili and Xu, Yan and Li, Ge and Jin, Zhi},
	Date-Added = {2017-12-10 13:27:15 +0000},
	Date-Modified = {2017-12-10 13:27:15 +0000},
	Journal = {arXiv preprint arXiv:1610.03950},
	Title = {Compressing neural language models by sparse word representations},
	Year = {2016}}

@inproceedings{park2017rotated,
	Author = {Park, Sungjoon and Bak, JinYeong and Oh, Alice},
	Booktitle = {Proceedings of the 2017 Conference on Empirical Methods in Natural Language Processing},
	Date-Added = {2017-12-10 13:26:07 +0000},
	Date-Modified = {2017-12-10 13:26:07 +0000},
	Pages = {401--411},
	Title = {Rotated word vector representations and their interpretability},
	Year = {2017}}

@article{li2015embedding,
	Author = {Li, Shaohua and Zhu, Jun and Miao, Chunyan},
	Date-Added = {2017-12-10 13:14:12 +0000},
	Date-Modified = {2017-12-10 13:14:31 +0000},
	Journal = {arXiv preprint arXiv:1508.03826},
	Title = {A generative word embedding model and its low rank positive semidefinite solution},
	Year = {2015}}

@article{faruqui2015sparse,
	Author = {Faruqui, Manaal and Tsvetkov, Yulia and Yogatama, Dani and Dyer, Chris and Smith, Noah},
	Date-Added = {2017-12-10 13:10:25 +0000},
	Date-Modified = {2017-12-10 13:10:25 +0000},
	Journal = {arXiv preprint arXiv:1506.02004},
	Title = {Sparse overcomplete word vector representations},
	Year = {2015}}

@inproceedings{mimno2017strange,
	Author = {Mimno, David and Thompson, Laure},
	Booktitle = {Proceedings of the 2017 Conference on Empirical Methods in Natural Language Processing},
	Date-Added = {2017-12-10 12:08:22 +0000},
	Date-Modified = {2017-12-10 12:08:22 +0000},
	Pages = {2863--2868},
	Title = {The strange geometry of skip-gram with negative sampling},
	Year = {2017}}

@article{khodak2017automated,
	Author = {Khodak, Mikhail and Risteski, Andrej and Fellbaum, Christiane and Arora, Sanjeev},
	Date-Added = {2017-12-10 12:05:35 +0000},
	Date-Modified = {2017-12-10 12:05:35 +0000},
	Journal = {SENSE 2017},
	Pages = {12},
	Title = {Automated WordNet Construction Using Word Embeddings},
	Year = {2017}}

@article{levy2015improving,
	Author = {Levy, Omer and Goldberg, Yoav and Dagan, Ido},
	Date-Added = {2017-12-10 06:26:15 +0000},
	Date-Modified = {2017-12-10 06:26:15 +0000},
	Journal = {Transactions of the Association for Computational Linguistics},
	Pages = {211--225},
	Title = {Improving distributional similarity with lessons learned from word embeddings},
	Volume = {3},
	Year = {2015}}

@inproceedings{melamud2017information,
	Author = {Melamud, Oren and Goldberger, Jacob},
	Booktitle = {Proceedings of the 55th Annual Meeting of the Association for Computational Linguistics (Volume 2: Short Papers)},
	Date-Added = {2017-12-10 06:11:56 +0000},
	Date-Modified = {2017-12-10 06:11:56 +0000},
	Pages = {167--171},
	Title = {Information-Theory Interpretation of the Skip-Gram Negative-Sampling Objective Function},
	Volume = {2},
	Year = {2017}}

@article{havrylov2017emergence,
	Author = {Havrylov, Serhii and Titov, Ivan},
	Date-Added = {2017-12-09 12:47:58 +0000},
	Date-Modified = {2017-12-09 12:47:58 +0000},
	Journal = {arXiv preprint arXiv:1705.11192},
	Title = {Emergence of Language with Multi-agent Games: Learning to Communicate with Sequences of Symbols},
	Year = {2017}}

@article{mordatch2017emergence,
	Author = {Mordatch, Igor and Abbeel, Pieter},
	Date-Added = {2017-12-09 12:40:14 +0000},
	Date-Modified = {2017-12-09 12:40:14 +0000},
	Journal = {arXiv preprint arXiv:1703.04908},
	Title = {Emergence of Grounded Compositional Language in Multi-Agent Populations},
	Year = {2017}}

@article{das2017learning,
	Author = {Das, Abhishek and Kottur, Satwik and Moura, Jos{\'e} MF and Lee, Stefan and Batra, Dhruv},
	Date-Added = {2017-12-09 12:34:37 +0000},
	Date-Modified = {2017-12-09 12:34:37 +0000},
	Journal = {arXiv preprint arXiv:1703.06585},
	Title = {Learning Cooperative Visual Dialog Agents with Deep Reinforcement Learning},
	Year = {2017}}

@article{kottur2017natural,
	Author = {Kottur, Satwik and Moura, Jos{\'e} MF and Lee, Stefan and Batra, Dhruv},
	Date-Added = {2017-12-09 12:27:10 +0000},
	Date-Modified = {2017-12-09 12:27:10 +0000},
	Journal = {arXiv preprint arXiv:1706.08502},
	Title = {Natural Language Does Not Emerge'Naturally'in Multi-Agent Dialog},
	Year = {2017}}

@inproceedings{foerster2016learning,
	Author = {Foerster, Jakob and Assael, Yannis and de Freitas, Nando and Whiteson, Shimon},
	Booktitle = {Advances in Neural Information Processing Systems},
	Date-Added = {2017-12-09 12:25:51 +0000},
	Date-Modified = {2017-12-09 12:25:51 +0000},
	Pages = {2137--2145},
	Title = {Learning to communicate with deep multi-agent reinforcement learning},
	Year = {2016}}

@article{silver2017mastering,
	Author = {Silver, David and Schrittwieser, Julian and Simonyan, Karen and Antonoglou, Ioannis and Huang, Aja and Guez, Arthur and Hubert, Thomas and Baker, Lucas and Lai, Matthew and Bolton, Adrian and others},
	Date-Added = {2017-12-09 12:20:35 +0000},
	Date-Modified = {2017-12-09 12:20:35 +0000},
	Journal = {Nature},
	Number = {7676},
	Pages = {354--359},
	Publisher = {Nature Research},
	Title = {Mastering the game of go without human knowledge},
	Volume = {550},
	Year = {2017}}

@article{silver2016mastering,
	Author = {Silver, David and Huang, Aja and Maddison, Chris J and Guez, Arthur and Sifre, Laurent and Van Den Driessche, George and Schrittwieser, Julian and Antonoglou, Ioannis and Panneershelvam, Veda and Lanctot, Marc and others},
	Date-Added = {2017-12-09 12:19:19 +0000},
	Date-Modified = {2017-12-09 12:19:19 +0000},
	Journal = {Nature},
	Number = {7587},
	Pages = {484--489},
	Publisher = {Nature Research},
	Title = {Mastering the game of Go with deep neural networks and tree search},
	Volume = {529},
	Year = {2016}}

@article{mnih2013playing,
	Author = {Mnih, Volodymyr and Kavukcuoglu, Koray and Silver, David and Graves, Alex and Antonoglou, Ioannis and Wierstra, Daan and Riedmiller, Martin},
	Date-Added = {2017-12-09 12:18:30 +0000},
	Date-Modified = {2017-12-09 12:18:30 +0000},
	Journal = {arXiv preprint arXiv:1312.5602},
	Title = {Playing atari with deep reinforcement learning},
	Year = {2013}}

@inproceedings{socher2013recursive,
	Author = {Socher, Richard and Perelygin, Alex and Wu, Jean and Chuang, Jason and Manning, Christopher D and Ng, Andrew and Potts, Christopher},
	Booktitle = {Proceedings of the 2013 conference on empirical methods in natural language processing},
	Date-Added = {2017-12-09 07:18:24 +0000},
	Date-Modified = {2017-12-09 07:18:24 +0000},
	Pages = {1631--1642},
	Title = {Recursive deep models for semantic compositionality over a sentiment treebank},
	Year = {2013}}

@article{wieting2016charagram,
	Author = {Wieting, John and Bansal, Mohit and Gimpel, Kevin and Livescu, Karen},
	Date-Added = {2017-12-09 07:10:52 +0000},
	Date-Modified = {2017-12-09 07:10:52 +0000},
	Journal = {arXiv preprint arXiv:1607.02789},
	Title = {Charagram: Embedding words and sentences via character n-grams},
	Year = {2016}}

@article{pagliardini2017unsupervised,
	Author = {Pagliardini, Matteo and Gupta, Prakhar and Jaggi, Martin},
	Date-Added = {2017-12-09 07:07:37 +0000},
	Date-Modified = {2017-12-09 07:07:37 +0000},
	Journal = {arXiv preprint arXiv:1703.02507},
	Title = {Unsupervised Learning of Sentence Embeddings using Compositional n-Gram Features},
	Year = {2017}}

@article{hill2016learning,
	Author = {Hill, Felix and Cho, Kyunghyun and Korhonen, Anna},
	Date-Added = {2017-12-09 07:06:01 +0000},
	Date-Modified = {2017-12-09 07:06:01 +0000},
	Journal = {arXiv preprint arXiv:1602.03483},
	Title = {Learning distributed representations of sentences from unlabelled data},
	Year = {2016}}

@inproceedings{zhang2017deconvolutional,
	Author = {Zhang, Yizhe and Shen, Dinghan and Wang, Guoyin and Gan, Zhe and Henao, Ricardo and Carin, Lawrence},
	Booktitle = {Advances in Neural Information Processing Systems},
	Date-Added = {2017-12-09 07:03:26 +0000},
	Date-Modified = {2017-12-09 07:03:26 +0000},
	Pages = {4170--4180},
	Title = {Deconvolutional paragraph representation learning},
	Year = {2017}}

@article{kalchbrenner2014convolutional,
	Author = {Kalchbrenner, Nal and Grefenstette, Edward and Blunsom, Phil},
	Date-Added = {2017-12-09 07:02:28 +0000},
	Date-Modified = {2017-12-09 07:02:28 +0000},
	Journal = {arXiv preprint arXiv:1404.2188},
	Title = {A convolutional neural network for modelling sentences},
	Year = {2014}}

@article{chamberlain2017neural,
	Author = {Chamberlain, Benjamin Paul and Clough, James and Deisenroth, Marc Peter},
	Date-Added = {2017-12-09 06:34:53 +0000},
	Date-Modified = {2017-12-09 06:34:53 +0000},
	Journal = {arXiv preprint arXiv:1705.10359},
	Title = {Neural Embeddings of Graphs in Hyperbolic Space},
	Year = {2017}}

@article{zavriev1993heavy,
	Author = {Zavriev, SK and Kostyuk, FV},
	Date-Added = {2017-12-06 14:48:01 +0000},
	Date-Modified = {2017-12-06 14:48:01 +0000},
	Journal = {Computational Mathematics and Modeling},
	Number = {4},
	Pages = {336--341},
	Publisher = {Springer},
	Title = {Heavy-ball method in nonconvex optimization problems},
	Volume = {4},
	Year = {1993}}

@article{dempster1977maximum,
	Author = {Dempster, Arthur P and Laird, Nan M and Rubin, Donald B},
	Date-Added = {2017-12-05 13:08:29 +0000},
	Date-Modified = {2017-12-05 13:08:29 +0000},
	Journal = {Journal of the royal statistical society. Series B (methodological)},
	Pages = {1--38},
	Publisher = {JSTOR},
	Title = {Maximum likelihood from incomplete data via the EM algorithm},
	Year = {1977}}

@article{mescheder2017numerics,
	Author = {Mescheder, Lars and Nowozin, Sebastian and Geiger, Andreas},
	Date-Added = {2017-12-01 10:46:34 +0000},
	Date-Modified = {2017-12-01 10:46:34 +0000},
	Journal = {arXiv preprint arXiv:1705.10461},
	Title = {The Numerics of GANs},
	Year = {2017}}

@article{roth2017stabilizing,
	Author = {Roth, Kevin and Lucchi, Aurelien and Nowozin, Sebastian and Hofmann, Thomas},
	Date-Added = {2017-12-01 10:46:00 +0000},
	Date-Modified = {2017-12-01 10:46:00 +0000},
	Journal = {arXiv preprint arXiv:1705.09367},
	Title = {Stabilizing Training of Generative Adversarial Networks through Regularization},
	Year = {2017}}

@article{hartig2011statistical,
	Author = {Hartig, Florian and Calabrese, Justin M and Reineking, Bj{\"o}rn and Wiegand, Thorsten and Huth, Andreas},
	Date-Added = {2017-11-30 18:56:39 +0000},
	Date-Modified = {2017-11-30 18:56:39 +0000},
	Journal = {Ecology letters},
	Number = {8},
	Pages = {816--827},
	Publisher = {Wiley Online Library},
	Title = {Statistical inference for stochastic simulation models--theory and application},
	Volume = {14},
	Year = {2011}}

@article{gutmann2014statistical,
	Author = {Gutmann, Michael U and Dutta, Ritabrata and Kaski, Samuel and Corander, Jukka},
	Date-Added = {2017-11-30 18:53:59 +0000},
	Date-Modified = {2017-11-30 18:53:59 +0000},
	Journal = {arXiv preprint arXiv:1407.4981},
	Title = {Statistical inference of intractable generative models via classification},
	Year = {2014}}

@article{mohamed2016learning,
	Author = {Mohamed, Shakir and Lakshminarayanan, Balaji},
	Date-Added = {2017-11-30 17:26:15 +0000},
	Date-Modified = {2017-11-30 17:26:15 +0000},
	Journal = {arXiv preprint arXiv:1610.03483},
	Title = {Learning in implicit generative models},
	Year = {2016}}

@inproceedings{devroye1986sample,
	Author = {Devroye, Luc},
	Booktitle = {Proceedings of the 18th conference on Winter simulation},
	Date-Added = {2017-11-30 17:20:46 +0000},
	Date-Modified = {2017-11-30 17:20:46 +0000},
	Organization = {ACM},
	Pages = {260--265},
	Title = {Sample-based non-uniform random variate generation},
	Year = {1986}}

@article{diggle1984monte,
	Author = {Diggle, Peter J and Gratton, Richard J},
	Date-Added = {2017-11-30 15:52:25 +0000},
	Date-Modified = {2017-11-30 15:52:25 +0000},
	Journal = {Journal of the Royal Statistical Society. Series B (Methodological)},
	Pages = {193--227},
	Publisher = {JSTOR},
	Title = {Monte Carlo methods of inference for implicit statistical models},
	Year = {1984}}

@article{mackay1995bayesian,
	Author = {MacKay, David JC},
	Date-Added = {2017-11-30 06:56:12 +0000},
	Date-Modified = {2017-11-30 06:56:12 +0000},
	Journal = {Nuclear Instruments and Methods in Physics Research Section A: Accelerators, Spectrometers, Detectors and Associated Equipment},
	Number = {1},
	Pages = {73--80},
	Publisher = {Elsevier},
	Title = {Bayesian neural networks and density networks},
	Volume = {354},
	Year = {1995}}

@article{williams1986logic,
	Author = {Williams, Ronald J},
	Date-Added = {2017-11-25 21:40:55 +0000},
	Date-Modified = {2017-11-25 21:40:55 +0000},
	Journal = {Parallel distributed processing: Explorations in the microstructure of cognition},
	Pages = {423--443},
	Title = {The logic of activation functions},
	Volume = {1},
	Year = {1986}}

@article{feldman1982connectionist,
	Author = {Feldman, Jerome A and Ballard, Dana H},
	Date-Added = {2017-11-25 21:35:46 +0000},
	Date-Modified = {2017-11-25 21:35:46 +0000},
	Journal = {Cognitive science},
	Number = {3},
	Pages = {205--254},
	Publisher = {Wiley Online Library},
	Title = {Connectionist models and their properties},
	Volume = {6},
	Year = {1982}}

@inproceedings{mel1990sigma,
	Author = {Mel, Bartlett W and Koch, Christof},
	Booktitle = {Advances in neural information processing systems},
	Date-Added = {2017-11-25 21:33:38 +0000},
	Date-Modified = {2017-11-25 21:33:38 +0000},
	Pages = {474--481},
	Title = {Sigma-pi learning: On radial basis functions and cortical associative learning},
	Year = {1990}}

@article{miller1993experimental,
	Author = {Miller, Clifford B and Giles, C Lee},
	Date-Added = {2017-11-25 21:30:35 +0000},
	Date-Modified = {2017-11-25 21:30:35 +0000},
	Journal = {International Journal of Pattern Recognition and Artificial Intelligence},
	Number = {04},
	Pages = {849--872},
	Publisher = {World Scientific},
	Title = {Experimental comparison of the effect of order in recurrent neural networks},
	Volume = {7},
	Year = {1993}}

@inproceedings{watrous1992induction,
	Author = {Watrous, Raymond L and Kuhn, Gary M},
	Booktitle = {Advances in neural information processing systems},
	Date-Added = {2017-11-25 21:28:14 +0000},
	Date-Modified = {2017-11-25 21:28:14 +0000},
	Pages = {309--317},
	Title = {Induction of finite-state automata using second-order recurrent networks},
	Year = {1992}}

@inproceedings{sukhbaatar2015end,
	Author = {Sukhbaatar, Sainbayar and Weston, Jason and Fergus, Rob and others},
	Booktitle = {Advances in neural information processing systems},
	Date-Added = {2017-11-25 21:10:01 +0000},
	Date-Modified = {2017-11-25 21:10:01 +0000},
	Pages = {2440--2448},
	Title = {End-to-end memory networks},
	Year = {2015}}

@article{zeng1994discrete,
	Author = {Zeng, Zheng and Goodman, Rodney M and Smyth, Padhraic},
	Date-Added = {2017-11-25 20:59:36 +0000},
	Date-Modified = {2017-11-25 20:59:36 +0000},
	Journal = {IEEE Transactions on Neural Networks},
	Number = {2},
	Pages = {320--330},
	Publisher = {IEEE},
	Title = {Discrete recurrent neural networks for grammatical inference},
	Volume = {5},
	Year = {1994}}

@article{pollack1991induction,
	Author = {Pollack, Jordan B},
	Date-Added = {2017-11-25 20:57:17 +0000},
	Date-Modified = {2017-11-25 20:57:17 +0000},
	Journal = {Machine learning},
	Number = {2},
	Pages = {227--252},
	Publisher = {Springer},
	Title = {The induction of dynamical recognizers},
	Volume = {7},
	Year = {1991}}

@inproceedings{mozer1993connectionist,
	Author = {Mozer, Michael C and Das, Sreerupa},
	Booktitle = {Advances in neural information processing systems},
	Date-Added = {2017-11-25 20:55:11 +0000},
	Date-Modified = {2017-11-25 20:55:11 +0000},
	Pages = {863--870},
	Title = {A connectionist symbol manipulator that discovers the structure of context-free languages},
	Year = {1993}}

@inproceedings{das1992learning,
	Author = {Das, Sreerupa and Giles, C Lee and Sun, Guo-Zheng},
	Booktitle = {Proceedings of The Fourteenth Annual Conference of Cognitive Science Society. Indiana University},
	Date-Added = {2017-11-25 20:48:37 +0000},
	Date-Modified = {2017-11-25 20:48:37 +0000},
	Pages = {14},
	Title = {Learning context-free grammars: Capabilities and limitations of a recurrent neural network with an external stack memory},
	Year = {1992}}

@inproceedings{joulin2015inferring,
	Author = {Joulin, Armand and Mikolov, Tomas},
	Booktitle = {Advances in neural information processing systems},
	Date-Added = {2017-11-25 20:45:40 +0000},
	Date-Modified = {2017-11-25 20:45:40 +0000},
	Pages = {190--198},
	Title = {Inferring algorithmic patterns with stack-augmented recurrent nets},
	Year = {2015}}

@article{kurach2015neural,
	Author = {Kurach, Karol and Andrychowicz, Marcin and Sutskever, Ilya},
	Date-Added = {2017-11-25 20:42:46 +0000},
	Date-Modified = {2017-11-25 20:42:46 +0000},
	Journal = {arXiv preprint arXiv:1511.06392},
	Title = {Neural random-access machines},
	Year = {2015}}

@article{graves2014neural,
	Author = {Graves, Alex and Wayne, Greg and Danihelka, Ivo},
	Date-Added = {2017-11-25 20:27:34 +0000},
	Date-Modified = {2017-11-25 20:27:34 +0000},
	Journal = {arXiv preprint arXiv:1410.5401},
	Title = {Neural turing machines},
	Year = {2014}}

@article{schuster1997bidirectional,
	Author = {Schuster, Mike and Paliwal, Kuldip K},
	Date-Added = {2017-11-25 20:18:36 +0000},
	Date-Modified = {2017-11-25 20:18:36 +0000},
	Journal = {IEEE Transactions on Signal Processing},
	Number = {11},
	Pages = {2673--2681},
	Publisher = {IEEE},
	Title = {Bidirectional recurrent neural networks},
	Volume = {45},
	Year = {1997}}

@article{cho2014learning,
	Author = {Cho, Kyunghyun and Van Merri{\"e}nboer, Bart and Gulcehre, Caglar and Bahdanau, Dzmitry and Bougares, Fethi and Schwenk, Holger and Bengio, Yoshua},
	Date-Added = {2017-11-25 20:04:52 +0000},
	Date-Modified = {2017-11-25 20:04:52 +0000},
	Journal = {arXiv preprint arXiv:1406.1078},
	Title = {Learning phrase representations using RNN encoder-decoder for statistical machine translation},
	Year = {2014}}

@inproceedings{memisevic2007unsupervised,
	Author = {Memisevic, Roland and Hinton, Geoffrey},
	Booktitle = {Computer Vision and Pattern Recognition, 2007. CVPR'07. IEEE Conference on},
	Date-Added = {2017-11-25 18:59:02 +0000},
	Date-Modified = {2017-11-25 18:59:02 +0000},
	Organization = {IEEE},
	Pages = {1--8},
	Title = {Unsupervised learning of image transformations},
	Year = {2007}}

@inproceedings{larochelle2010learning,
	Author = {Larochelle, Hugo and Hinton, Geoffrey E},
	Booktitle = {Advances in neural information processing systems},
	Date-Added = {2017-11-25 18:54:10 +0000},
	Date-Modified = {2017-11-25 18:54:10 +0000},
	Pages = {1243--1251},
	Title = {Learning to combine foveal glimpses with a third-order Boltzmann machine},
	Year = {2010}}

@inproceedings{gershman2010learning,
	Author = {Gershman, Samuel and Cohen, Jonathan and Niv, Yael},
	Booktitle = {Proceedings of the Cognitive Science Society},
	Date-Added = {2017-11-25 16:55:18 +0000},
	Date-Modified = {2017-11-25 16:57:44 +0000},
	Title = {Learning to selectively attend},
	Volume = {32},
	Year = {2010}}

@article{denil2012learning,
	Author = {Denil, Misha and Bazzani, Loris and Larochelle, Hugo and de Freitas, Nando},
	Date-Added = {2017-11-25 16:53:23 +0000},
	Date-Modified = {2017-11-25 16:53:23 +0000},
	Journal = {Neural computation},
	Number = {8},
	Pages = {2151--2184},
	Publisher = {MIT Press},
	Title = {Learning where to attend with deep architectures for image tracking},
	Volume = {24},
	Year = {2012}}

@article{goodale1992separate,
	Author = {Goodale, Melvyn A and Milner, A David},
	Date-Added = {2017-11-25 16:48:00 +0000},
	Date-Modified = {2017-11-25 16:48:00 +0000},
	Journal = {Trends in neurosciences},
	Number = {1},
	Pages = {20--25},
	Publisher = {Elsevier},
	Title = {Separate visual pathways for perception and action},
	Volume = {15},
	Year = {1992}}

@article{bergen1983parallel,
	Author = {Bergen, James R and Julesz, Bela},
	Date-Added = {2017-11-25 16:41:23 +0000},
	Date-Modified = {2017-11-25 16:41:23 +0000},
	Journal = {Nature},
	Number = {5919},
	Pages = {696--698},
	Publisher = {Springer},
	Title = {Parallel versus serial processing in rapid pattern discrimination},
	Volume = {303},
	Year = {1983}}

@article{treisman1980feature,
	Author = {Treisman, Anne M and Gelade, Garry},
	Date-Added = {2017-11-25 16:36:34 +0000},
	Date-Modified = {2017-11-25 16:43:12 +0000},
	Journal = {Cognitive Psychology},
	Number = {1},
	Pages = {97--136},
	Publisher = {Elsevier},
	Title = {A feature-integration theory of attention},
	Volume = {12},
	Year = {1980}}

@article{olshausen1993neurobiological,
	Author = {Olshausen, Bruno A and Anderson, Charles H and Van Essen, David C},
	Date-Added = {2017-11-25 16:33:47 +0000},
	Date-Modified = {2017-11-25 16:33:47 +0000},
	Journal = {Journal of Neuroscience},
	Number = {11},
	Pages = {4700--4719},
	Publisher = {Soc Neuroscience},
	Title = {A neurobiological model of visual attention and invariant pattern recognition based on dynamic routing of information},
	Volume = {13},
	Year = {1993}}

@article{ollivier2009ricci,
	Author = {Ollivier, Yann},
	Date-Added = {2017-11-23 15:22:40 +0000},
	Date-Modified = {2017-11-23 15:22:40 +0000},
	Journal = {Journal of Functional Analysis},
	Number = {3},
	Pages = {810--864},
	Publisher = {Elsevier},
	Title = {Ricci curvature of Markov chains on metric spaces},
	Volume = {256},
	Year = {2009}}

@article{bahdanau2016actor,
	Author = {Bahdanau, Dzmitry and Brakel, Philemon and Xu, Kelvin and Goyal, Anirudh and Lowe, Ryan and Pineau, Joelle and Courville, Aaron and Bengio, Yoshua},
	Date-Added = {2017-11-10 14:37:11 +0000},
	Date-Modified = {2017-11-10 14:37:11 +0000},
	Journal = {arXiv preprint arXiv:1607.07086},
	Title = {An actor-critic algorithm for sequence prediction},
	Year = {2016}}

@article{hu2017controllable,
	Author = {Hu, Zhiting and Yang, Zichao and Liang, Xiaodan and Salakhutdinov, Ruslan and Xing, Eric P},
	Date-Added = {2017-10-31 07:05:23 +0000},
	Date-Modified = {2017-10-31 07:05:23 +0000},
	Journal = {arXiv preprint arXiv:1703.00955},
	Title = {Controllable Text Generation},
	Year = {2017}}

@article{shen2017style,
	Author = {Shen, Tianxiao and Lei, Tao and Barzilay, Regina and Jaakkola, Tommi},
	Date-Added = {2017-10-31 07:03:27 +0000},
	Date-Modified = {2017-10-31 07:03:27 +0000},
	Journal = {arXiv preprint arXiv:1705.09655},
	Title = {Style Transfer from Non-Parallel Text by Cross-Alignment},
	Year = {2017}}

@article{ammar2016massively,
	Author = {Ammar, Waleed and Mulcaire, George and Tsvetkov, Yulia and Lample, Guillaume and Dyer, Chris and Smith, Noah A},
	Date-Added = {2017-10-31 06:49:26 +0000},
	Date-Modified = {2017-10-31 06:49:26 +0000},
	Journal = {arXiv preprint arXiv:1602.01925},
	Title = {Massively multilingual word embeddings},
	Year = {2016}}

@inproceedings{zou2013bilingual,
	Author = {Zou, Will Y and Socher, Richard and Cer, Daniel and Manning, Christopher D},
	Booktitle = {Proceedings of the 2013 Conference on Empirical Methods in Natural Language Processing},
	Date-Added = {2017-10-31 06:27:50 +0000},
	Date-Modified = {2017-10-31 06:27:50 +0000},
	Pages = {1393--1398},
	Title = {Bilingual word embeddings for phrase-based machine translation},
	Year = {2013}}

@article{nickel2017poincar,
	Author = {Nickel, Maximilian and Kiela, Douwe},
	Date-Added = {2017-10-19 14:45:48 +0000},
	Date-Modified = {2017-10-19 14:45:48 +0000},
	Journal = {arXiv preprint arXiv:1705.08039},
	Title = {Poincar$\backslash$'e Embeddings for Learning Hierarchical Representations},
	Year = {2017}}

@inproceedings{huang2016deep,
	Author = {Huang, Gao and Sun, Yu and Liu, Zhuang and Sedra, Daniel and Weinberger, Kilian Q},
	Booktitle = {European Conference on Computer Vision},
	Date-Added = {2017-10-19 14:44:37 +0000},
	Date-Modified = {2017-10-19 14:44:37 +0000},
	Organization = {Springer},
	Pages = {646--661},
	Title = {Deep networks with stochastic depth},
	Year = {2016}}

@inproceedings{he2016deep,
	Author = {He, Kaiming and Zhang, Xiangyu and Ren, Shaoqing and Sun, Jian},
	Booktitle = {Proceedings of the IEEE conference on computer vision and pattern recognition},
	Date-Added = {2017-10-19 14:44:37 +0000},
	Date-Modified = {2017-10-19 14:44:37 +0000},
	Pages = {770--778},
	Title = {Deep residual learning for image recognition},
	Year = {2016}}

@article{srivastava2014dropout,
	Author = {Srivastava, Nitish and Hinton, Geoffrey E and Krizhevsky, Alex and Sutskever, Ilya and Salakhutdinov, Ruslan},
	Date-Added = {2017-10-19 14:44:37 +0000},
	Date-Modified = {2017-10-19 14:44:37 +0000},
	Journal = {Journal of machine learning research},
	Number = {1},
	Pages = {1929--1958},
	Title = {Dropout: a simple way to prevent neural networks from overfitting.},
	Volume = {15},
	Year = {2014}}

@inproceedings{bucilua2006model,
	Author = {Bucilu{\v a}, Cristian and Caruana, Rich and Niculescu-Mizil, Alexandru},
	Booktitle = {Proceedings of the 12th ACM SIGKDD international conference on Knowledge discovery and data mining},
	Date-Added = {2017-10-19 14:44:37 +0000},
	Date-Modified = {2017-10-19 14:44:37 +0000},
	Organization = {ACM},
	Pages = {535--541},
	Title = {Model compression},
	Year = {2006}}

@inproceedings{goodfellow2014generative,
	Author = {Goodfellow, Ian and Pouget-Abadie, Jean and Mirza, Mehdi and Xu, Bing and Warde-Farley, David and Ozair, Sherjil and Courville, Aaron and Bengio, Yoshua},
	Booktitle = {Advances in neural information processing systems},
	Date-Added = {2017-10-19 14:44:37 +0000},
	Date-Modified = {2017-10-19 14:44:37 +0000},
	Pages = {2672--2680},
	Title = {Generative adversarial nets},
	Year = {2014}}

@article{niyogi1998incorporating,
	Author = {Niyogi, Partha and Girosi, Federico and Poggio, Tomaso},
	Date-Added = {2017-10-19 14:44:37 +0000},
	Date-Modified = {2017-10-19 14:44:37 +0000},
	Journal = {Proceedings of the IEEE},
	Number = {11},
	Pages = {2196--2209},
	Publisher = {IEEE},
	Title = {Incorporating prior information in machine learning by creating virtual examples},
	Volume = {86},
	Year = {1998}}

@inproceedings{burges1999geometry,
	Author = {Burges, Christopher JC},
	Booktitle = {Advances in kernel methods},
	Date-Added = {2017-10-19 14:44:37 +0000},
	Date-Modified = {2017-10-19 14:44:37 +0000},
	Organization = {MIT Press},
	Pages = {89--116},
	Title = {Geometry and invariance in kernel based methods},
	Year = {1999}}

@inproceedings{cohen2016group,
	Author = {Cohen, Taco and Welling, Max},
	Booktitle = {International Conference on Machine Learning},
	Date-Added = {2017-10-19 14:44:37 +0000},
	Date-Modified = {2017-10-19 14:44:37 +0000},
	Pages = {2990--2999},
	Title = {Group equivariant convolutional networks},
	Year = {2016}}

@misc{ferenc2015holy,
	Author = {Ferenc Husz{\'a}r},
	Date-Added = {2017-10-19 14:44:37 +0000},
	Date-Modified = {2017-10-19 14:44:37 +0000},
	Howpublished = {www.inference.vc/the-holy-gr/},
	Month = {June},
	Title = {The Holy Grail of Deep Learning: Modelling Invariances},
	Year = {2015}}

@article{kulesza2012determinantal,
	Author = {Kulesza, Alex and Taskar, Ben and others},
	Date-Added = {2017-10-19 14:44:37 +0000},
	Date-Modified = {2017-10-19 14:44:37 +0000},
	Journal = {Foundations and Trends{\textregistered} in Machine Learning},
	Number = {2--3},
	Pages = {123--286},
	Publisher = {Now Publishers, Inc.},
	Title = {Determinantal point processes for machine learning},
	Volume = {5},
	Year = {2012}}

@article{anselmi2013unsupervised,
	Author = {Anselmi, Fabio and Leibo, Joel Z and Rosasco, Lorenzo and Mutch, Jim and Tacchetti, Andrea and Poggio, Tomaso},
	Date-Added = {2017-10-19 14:44:37 +0000},
	Date-Modified = {2017-10-19 14:44:37 +0000},
	Journal = {arXiv preprint arXiv:1311.4158},
	Title = {Unsupervised learning of invariant representations in hierarchical architectures},
	Year = {2013}}

@article{anselmi2016unsupervised,
	Author = {Anselmi, Fabio and Leibo, Joel Z and Rosasco, Lorenzo and Mutch, Jim and Tacchetti, Andrea and Poggio, Tomaso},
	Date-Added = {2017-10-19 14:44:37 +0000},
	Date-Modified = {2017-10-19 14:44:37 +0000},
	Journal = {Theoretical Computer Science},
	Pages = {112--121},
	Publisher = {Elsevier},
	Title = {Unsupervised learning of invariant representations},
	Volume = {633},
	Year = {2016}}

@inproceedings{simard1993efficient,
	Author = {Simard, Patrice and LeCun, Yann and Denker, John S},
	Booktitle = {Advances in neural information processing systems},
	Date-Added = {2017-10-19 14:44:37 +0000},
	Date-Modified = {2017-10-19 14:44:37 +0000},
	Pages = {50--58},
	Title = {Efficient pattern recognition using a new transformation distance},
	Year = {1993}}

@article{bruna2013invariant,
	Author = {Bruna, Joan and Mallat, St{\'e}phane},
	Date-Added = {2017-10-19 14:44:37 +0000},
	Date-Modified = {2017-10-19 14:44:37 +0000},
	Journal = {IEEE transactions on pattern analysis and machine intelligence},
	Number = {8},
	Pages = {1872--1886},
	Publisher = {IEEE},
	Title = {Invariant scattering convolution networks},
	Volume = {35},
	Year = {2013}}

@inproceedings{gens2014deep,
	Author = {Gens, Robert and Domingos, Pedro M},
	Booktitle = {Advances in neural information processing systems},
	Date-Added = {2017-10-19 14:44:37 +0000},
	Date-Modified = {2017-10-19 14:44:37 +0000},
	Pages = {2537--2545},
	Title = {Deep symmetry networks},
	Year = {2014}}

@article{sokolic2016generalization,
	Author = {Sokolic, Jure and Giryes, Raja and Sapiro, Guillermo and Rodrigues, Miguel RD},
	Date-Added = {2017-10-19 14:44:37 +0000},
	Date-Modified = {2017-10-19 14:44:37 +0000},
	Journal = {AISTATS},
	Title = {Generalization Error of Invariant Classifiers},
	Year = {2017}}

@inproceedings{bammer2017invariance,
	Author = {Bammer, Roswitha and D{\"o}rfler, Monika},
	Booktitle = {Sampling Theory and Applications (SampTA), 2017 International Conference on},
	Date-Added = {2017-10-19 14:44:37 +0000},
	Date-Modified = {2017-10-19 14:44:37 +0000},
	Organization = {IEEE},
	Pages = {299--302},
	Title = {Invariance and stability of Gabor scattering for music signals},
	Year = {2017}}

@article{wiatowski2015mathematical,
	Author = {Wiatowski, Thomas and B\"olcskei, Helmut},
	Date-Added = {2017-10-19 14:44:37 +0000},
	Date-Modified = {2017-10-19 14:44:37 +0000},
	Journal = {IEEE Transactions on Information Theory},
	Keywords = {Machine learning, deep convolutional neural networks, scattering networks, feature extraction, classification and regression, frame theory.},
	Misc = {(revised version, March 2017)},
	Month = dec,
	Status = {submitted},
	Title = {A mathematical theory of deep convolutional neural networks for feature extraction},
	Url = {http://www.nari.ee.ethz.ch/commth//pubs/p/deep-2016},
	Year = 2015,
	Bdsk-Url-1 = {http://www.nari.ee.ethz.ch/commth//pubs/p/deep-2016}}

@article{jordan1997serial,
	Author = {Jordan, Michael I},
	Date-Added = {2017-06-16 13:37:39 +0000},
	Date-Modified = {2017-06-16 13:37:39 +0000},
	Journal = {Advances in psychology},
	Pages = {471--495},
	Publisher = {Elsevier},
	Title = {Serial order: A parallel distributed processing approach},
	Volume = {121},
	Year = {1997}}

@inproceedings{chung2015gated,
	Author = {Chung, Junyoung and Gulcehre, Caglar and Cho, Kyunghyun and Bengio, Yoshua},
	Booktitle = {International Conference on Machine Learning},
	Date-Added = {2017-06-16 13:18:25 +0000},
	Date-Modified = {2017-06-16 13:18:25 +0000},
	Pages = {2067--2075},
	Title = {Gated feedback recurrent neural networks},
	Year = {2015}}

@article{hochreiter1997long,
	Author = {Hochreiter, Sepp and Schmidhuber, J{\"u}rgen},
	Date-Added = {2017-06-16 13:17:49 +0000},
	Date-Modified = {2017-06-16 13:17:49 +0000},
	Journal = {Neural computation},
	Number = {8},
	Pages = {1735--1780},
	Publisher = {MIT Press},
	Title = {Long short-term memory},
	Volume = {9},
	Year = {1997}}

@article{elman1990finding,
	Author = {Elman, Jeffrey L},
	Date-Added = {2017-06-16 13:17:19 +0000},
	Date-Modified = {2017-06-16 13:17:19 +0000},
	Journal = {Cognitive science},
	Number = {2},
	Pages = {179--211},
	Publisher = {Wiley Online Library},
	Title = {Finding structure in time},
	Volume = {14},
	Year = {1990}}

@article{werbos1990backpropagation,
	Author = {Werbos, Paul J},
	Date-Added = {2017-06-16 13:12:10 +0000},
	Date-Modified = {2017-06-16 13:12:10 +0000},
	Journal = {Proceedings of the IEEE},
	Number = {10},
	Pages = {1550--1560},
	Publisher = {IEEE},
	Title = {Backpropagation through time: what it does and how to do it},
	Volume = {78},
	Year = {1990}}

@inproceedings{lamb2016professor,
	Author = {Lamb, Alex M and GOYAL, Anirudh Goyal ALIAS PARTH and Zhang, Ying and Zhang, Saizheng and Courville, Aaron C and Bengio, Yoshua},
	Booktitle = {Advances In Neural Information Processing Systems},
	Date-Added = {2017-06-16 08:04:18 +0000},
	Date-Modified = {2017-06-16 08:04:18 +0000},
	Pages = {4601--4609},
	Title = {Professor forcing: A new algorithm for training recurrent networks},
	Year = {2016}}

@inproceedings{voigtlaender2015sequence,
	Author = {Voigtlaender, Paul and Doetsch, Patrick and Wiesler, Simon and Schl{\"u}ter, Ralf and Ney, Hermann},
	Booktitle = {Acoustics, Speech and Signal Processing (ICASSP), 2015 IEEE International Conference on},
	Date-Added = {2017-06-15 09:35:00 +0000},
	Date-Modified = {2017-06-15 09:35:00 +0000},
	Organization = {IEEE},
	Pages = {2100--2104},
	Title = {Sequence-discriminative training of recurrent neural networks},
	Year = {2015}}

@inproceedings{sak2014sequence,
	Author = {Sak, Ha{\c{s}}im and Vinyals, Oriol and Heigold, Georg and Senior, Andrew and McDermott, Erik and Monga, Rajat and Mao, Mark},
	Booktitle = {Fifteenth Annual Conference of the International Speech Communication Association},
	Date-Added = {2017-06-15 09:34:19 +0000},
	Date-Modified = {2017-06-15 09:34:19 +0000},
	Title = {Sequence discriminative distributed training of long short-term memory recurrent neural networks},
	Year = {2014}}

@inproceedings{collins2004incremental,
	Author = {Collins, Michael and Roark, Brian},
	Booktitle = {Proceedings of the 42nd Annual Meeting on Association for Computational Linguistics},
	Date-Added = {2017-06-15 08:58:41 +0000},
	Date-Modified = {2017-06-15 08:58:41 +0000},
	Organization = {Association for Computational Linguistics},
	Pages = {111},
	Title = {Incremental parsing with the perceptron algorithm},
	Year = {2004}}

@inproceedings{daume2005learning,
	Author = {Daum{\'e} III, Hal and Marcu, Daniel},
	Booktitle = {Proceedings of the 22nd international conference on Machine learning},
	Date-Added = {2017-06-15 08:57:33 +0000},
	Date-Modified = {2017-06-15 08:57:33 +0000},
	Organization = {ACM},
	Pages = {169--176},
	Title = {Learning as search optimization: Approximate large margin methods for structured prediction},
	Year = {2005}}

@inproceedings{serban2016building,
	Author = {Serban, Iulian V and Sordoni, Alessandro and Bengio, Yoshua and Courville, Aaron and Pineau, Joelle},
	Booktitle = {Thirtieth AAAI Conference on Artificial Intelligence},
	Date-Added = {2017-06-15 08:53:04 +0000},
	Date-Modified = {2017-06-15 08:53:04 +0000},
	Title = {Building end-to-end dialogue systems using generative hierarchical neural network models},
	Year = {2016}}

@inproceedings{filippova2015sentence,
	Author = {Filippova, Katja and Alfonseca, Enrique and Colmenares, Carlos A and Kaiser, Lukasz and Vinyals, Oriol},
	Booktitle = {EMNLP},
	Date-Added = {2017-06-15 08:51:46 +0000},
	Date-Modified = {2017-06-15 08:51:46 +0000},
	Pages = {360--368},
	Title = {Sentence Compression by Deletion with LSTMs.},
	Year = {2015}}

@article{zaremba2015reinforcement,
	Author = {Zaremba, Wojciech and Sutskever, Ilya},
	Date-Added = {2017-06-15 08:32:18 +0000},
	Date-Modified = {2017-06-15 08:32:18 +0000},
	Journal = {arXiv preprint arXiv:1505.00521},
	Title = {Reinforcement Learning Neural Turing Machines-Revised},
	Year = {2015}}

@article{daume2009search,
	Author = {Daum{\'e}, Hal and Langford, John and Marcu, Daniel},
	Date-Added = {2017-06-14 17:20:39 +0000},
	Date-Modified = {2017-06-14 17:20:39 +0000},
	Journal = {Machine learning},
	Number = {3},
	Pages = {297--325},
	Publisher = {Springer},
	Title = {Search-based structured prediction},
	Volume = {75},
	Year = {2009}}

@article{rush2015neural,
	Author = {Rush, Alexander M and Chopra, Sumit and Weston, Jason},
	Date-Added = {2017-06-14 17:17:11 +0000},
	Date-Modified = {2017-06-14 17:17:11 +0000},
	Journal = {arXiv preprint arXiv:1509.00685},
	Title = {A neural attention model for abstractive sentence summarization},
	Year = {2015}}

@article{bahdanau2014neural,
	Author = {Bahdanau, Dzmitry and Cho, Kyunghyun and Bengio, Yoshua},
	Date-Added = {2017-06-14 17:15:45 +0000},
	Date-Modified = {2017-06-14 17:15:45 +0000},
	Journal = {arXiv preprint arXiv:1409.0473},
	Title = {Neural machine translation by jointly learning to align and translate},
	Year = {2014}}

@article{williams1992simple,
	Author = {Williams, Ronald J},
	Date-Added = {2017-06-14 17:03:48 +0000},
	Date-Modified = {2017-06-14 17:03:48 +0000},
	Journal = {Machine learning},
	Number = {3-4},
	Pages = {229--256},
	Publisher = {Springer},
	Title = {Simple statistical gradient-following algorithms for connectionist reinforcement learning},
	Volume = {8},
	Year = {1992}}

@inproceedings{venkatraman2015improving,
	Author = {Venkatraman, Arun and Hebert, Martial and Bagnell, J Andrew},
	Booktitle = {AAAI},
	Date-Added = {2017-06-14 08:51:15 +0000},
	Date-Modified = {2017-06-14 08:51:15 +0000},
	Pages = {3024--3030},
	Title = {Improving Multi-Step Prediction of Learned Time Series Models.},
	Year = {2015}}

@inproceedings{lafferty2001conditional,
	Author = {Lafferty, John and McCallum, Andrew and Pereira, Fernando and others},
	Booktitle = {Proceedings of the eighteenth international conference on machine learning, ICML},
	Date-Added = {2017-06-14 08:16:16 +0000},
	Date-Modified = {2017-06-14 08:16:16 +0000},
	Pages = {282--289},
	Title = {Conditional random fields: Probabilistic models for segmenting and labeling sequence data},
	Volume = {1},
	Year = {2001}}

@article{ranzato2015sequence,
	Author = {Ranzato, Marc'Aurelio and Chopra, Sumit and Auli, Michael and Zaremba, Wojciech},
	Date-Added = {2017-06-14 08:11:46 +0000},
	Date-Modified = {2017-06-14 08:11:46 +0000},
	Journal = {arXiv preprint arXiv:1511.06732},
	Title = {Sequence level training with recurrent neural networks},
	Year = {2015}}

@article{wiseman2016sequence,
	Author = {Wiseman, Sam and Rush, Alexander M},
	Date-Added = {2017-06-14 08:10:25 +0000},
	Date-Modified = {2017-06-14 08:10:25 +0000},
	Journal = {arXiv preprint arXiv:1606.02960},
	Title = {Sequence-to-sequence learning as beam-search optimization},
	Year = {2016}}

@inproceedings{bengio2009curriculum,
	Author = {Bengio, Yoshua and Louradour, J{\'e}r{\^o}me and Collobert, Ronan and Weston, Jason},
	Booktitle = {Proceedings of the 26th annual international conference on machine learning},
	Date-Added = {2017-06-14 08:09:26 +0000},
	Date-Modified = {2017-06-14 08:09:26 +0000},
	Organization = {ACM},
	Pages = {41--48},
	Title = {Curriculum learning},
	Year = {2009}}

@inproceedings{bengio2015scheduled,
	Author = {Bengio, Samy and Vinyals, Oriol and Jaitly, Navdeep and Shazeer, Noam},
	Booktitle = {Advances in Neural Information Processing Systems},
	Date-Added = {2017-06-14 08:08:16 +0000},
	Date-Modified = {2017-06-14 08:08:16 +0000},
	Pages = {1171--1179},
	Title = {Scheduled sampling for sequence prediction with recurrent neural networks},
	Year = {2015}}

@inproceedings{sutskever2014sequence,
	Author = {Sutskever, Ilya and Vinyals, Oriol and Le, Quoc V},
	Booktitle = {Advances in neural information processing systems},
	Date-Added = {2017-06-14 07:59:51 +0000},
	Date-Modified = {2017-06-14 07:59:51 +0000},
	Pages = {3104--3112},
	Title = {Sequence to sequence learning with neural networks},
	Year = {2014}}

@article{lapedes1986self,
	Author = {Lapedes, Alan and Farber, Robert},
	Date-Added = {2017-06-14 07:51:52 +0000},
	Date-Modified = {2017-06-14 07:51:52 +0000},
	Journal = {Physica D: Nonlinear Phenomena},
	Number = {1-3},
	Pages = {247--259},
	Publisher = {Elsevier},
	Title = {A self-optimizing, nonsymmetrical neural net for content addressable memory and pattern recognition},
	Volume = {22},
	Year = {1986}}

@article{hopfield1982neural,
	Author = {Hopfield, John J},
	Date-Added = {2017-06-14 07:43:18 +0000},
	Date-Modified = {2017-06-14 07:43:18 +0000},
	Journal = {Proceedings of the national academy of sciences},
	Number = {8},
	Pages = {2554--2558},
	Publisher = {National Acad Sciences},
	Title = {Neural networks and physical systems with emergent collective computational abilities},
	Volume = {79},
	Year = {1982}}

@article{pineda1988dynamics,
	Author = {Pineda, Fernando J},
	Date-Added = {2017-06-14 07:38:33 +0000},
	Date-Modified = {2017-06-14 07:38:33 +0000},
	Journal = {Journal of Complexity},
	Number = {3},
	Pages = {216--245},
	Publisher = {Elsevier},
	Title = {Dynamics and architecture for neural computation},
	Volume = {4},
	Year = {1988}}

@article{williams1989learning,
	Author = {Williams, Ronald J and Zipser, David},
	Date-Added = {2017-06-14 07:37:34 +0000},
	Date-Modified = {2017-06-14 07:37:34 +0000},
	Journal = {Neural computation},
	Number = {2},
	Pages = {270--280},
	Publisher = {MIT Press},
	Title = {A learning algorithm for continually running fully recurrent neural networks},
	Volume = {1},
	Year = {1989}}

@article{ferrari2004beta,
	Author = {Ferrari, Silvia and Cribari-Neto, Francisco},
	Date-Added = {2017-06-09 07:42:14 +0000},
	Date-Modified = {2017-06-09 07:42:14 +0000},
	Journal = {Journal of Applied Statistics},
	Number = {7},
	Pages = {799--815},
	Publisher = {Taylor \& Francis},
	Title = {Beta regression for modelling rates and proportions},
	Volume = {31},
	Year = {2004}}

@article{jaynes1982rationale,
	Author = {Jaynes, Edwin T},
	Date-Added = {2017-06-08 17:35:07 +0000},
	Date-Modified = {2017-06-08 17:35:07 +0000},
	Journal = {Proceedings of the IEEE},
	Number = {9},
	Pages = {939--952},
	Publisher = {IEEE},
	Title = {On the rationale of maximum-entropy methods},
	Volume = {70},
	Year = {1982}}

@article{shore1980axiomatic,
	Author = {Shore, John and Johnson, Rodney},
	Date-Added = {2017-06-08 17:34:12 +0000},
	Date-Modified = {2017-06-08 17:34:12 +0000},
	Journal = {IEEE Transactions on information theory},
	Number = {1},
	Pages = {26--37},
	Publisher = {IEEE},
	Title = {Axiomatic derivation of the principle of maximum entropy and the principle of minimum cross-entropy},
	Volume = {26},
	Year = {1980}}

@article{stein1981estimation,
	Author = {Stein, Charles M},
	Date-Added = {2017-06-07 11:22:48 +0000},
	Date-Modified = {2017-06-07 11:23:27 +0000},
	Journal = {The Annals of Statistics},
	Pages = {1135--1151},
	Publisher = {JSTOR},
	Title = {Estimation of the mean of a multivariate normal distribution},
	Year = {1981}}

@article{hudson1978natural,
	Author = {Hudson, H Malcolm},
	Date-Added = {2017-06-07 11:21:37 +0000},
	Date-Modified = {2017-06-07 11:21:37 +0000},
	Journal = {The Annals of Statistics},
	Pages = {473--484},
	Publisher = {JSTOR},
	Title = {A natural identity for exponential families with applications in multiparameter estimation},
	Year = {1978}}

@inproceedings{jalali2010dirty,
	Author = {Jalali, Ali and Sanghavi, Sujay and Ruan, Chao and Ravikumar, Pradeep K},
	Booktitle = {Advances in Neural Information Processing Systems},
	Date-Added = {2017-06-06 06:39:56 +0000},
	Date-Modified = {2017-06-06 06:39:56 +0000},
	Pages = {964--972},
	Title = {A dirty model for multi-task learning},
	Year = {2010}}

@article{argyriou2007multi,
	Author = {Argyriou, Andreas and Evgeniou, Theodoros and Pontil, Massimiliano},
	Date-Added = {2017-06-06 06:37:45 +0000},
	Date-Modified = {2017-06-06 06:37:45 +0000},
	Journal = {Advances in neural information processing systems},
	Pages = {41},
	Publisher = {MIT; 1998},
	Title = {Multi-task feature learning},
	Volume = {19},
	Year = {2007}}

@article{zhang2008sparsity,
	Author = {Zhang, Cun-Hui and Huang, Jian},
	Date-Added = {2017-06-06 06:36:26 +0000},
	Date-Modified = {2017-06-06 06:36:26 +0000},
	Journal = {The Annals of Statistics},
	Pages = {1567--1594},
	Publisher = {JSTOR},
	Title = {The sparsity and bias of the lasso selection in high-dimensional linear regression},
	Year = {2008}}

@article{yuan2006model,
	Author = {Yuan, Ming and Lin, Yi},
	Date-Added = {2017-06-06 06:35:33 +0000},
	Date-Modified = {2017-06-06 06:35:33 +0000},
	Journal = {Journal of the Royal Statistical Society: Series B (Statistical Methodology)},
	Number = {1},
	Pages = {49--67},
	Publisher = {Wiley Online Library},
	Title = {Model selection and estimation in regression with grouped variables},
	Volume = {68},
	Year = {2006}}

@article{yang2016trace,
	Author = {Yang, Yongxin and Hospedales, Timothy M},
	Date-Added = {2017-06-06 06:27:50 +0000},
	Date-Modified = {2017-06-06 06:27:50 +0000},
	Journal = {arXiv preprint arXiv:1606.04038},
	Title = {Trace Norm Regularised Deep Multi-Task Learning},
	Year = {2016}}

@article{recht2010guaranteed,
	Author = {Recht, Benjamin and Fazel, Maryam and Parrilo, Pablo A},
	Date-Added = {2017-06-06 06:26:52 +0000},
	Date-Modified = {2017-06-06 06:26:52 +0000},
	Journal = {SIAM review},
	Number = {3},
	Pages = {471--501},
	Publisher = {SIAM},
	Title = {Guaranteed minimum-rank solutions of linear matrix equations via nuclear norm minimization},
	Volume = {52},
	Year = {2010}}

@article{irie2016lstm,
	Author = {Irie, Kazuki and T{\"u}ske, Zolt{\'a}n and Alkhouli, Tamer and Schl{\"u}ter, Ralf and Ney, Hermann},
	Date-Added = {2017-04-20 11:07:21 +0000},
	Date-Modified = {2017-04-20 11:07:21 +0000},
	Journal = {Interspeech, San Francisco, CA, USA},
	Title = {LSTM, GRU, highway and a bit of attention: an empirical overview for language modeling in speech recognition},
	Year = {2016}}

@article{inan2016tying,
	Author = {Inan, Hakan and Khosravi, Khashayar and Socher, Richard},
	Date-Added = {2017-04-19 17:36:08 +0000},
	Date-Modified = {2017-04-19 17:36:08 +0000},
	Journal = {arXiv preprint arXiv:1611.01462},
	Title = {Tying Word Vectors and Word Classifiers: A Loss Framework for Language Modeling},
	Year = {2016}}

@article{hinton2015distilling,
	Author = {Hinton, Geoffrey and Vinyals, Oriol and Dean, Jeff},
	Date-Added = {2017-04-19 15:57:38 +0000},
	Date-Modified = {2017-04-19 15:57:38 +0000},
	Journal = {arXiv preprint arXiv:1503.02531},
	Title = {Distilling the knowledge in a neural network},
	Year = {2015}}

@inproceedings{bucilu2006model,
	Author = {Bucilu{\v a}, Cristian and Caruana, Rich and Niculescu-Mizil, Alexandru},
	Booktitle = {Proceedings of the 12th ACM SIGKDD international conference on Knowledge discovery and data mining},
	Date-Added = {2017-04-19 15:54:22 +0000},
	Date-Modified = {2017-04-19 15:55:42 +0000},
	Pages = {535-541},
	Read = {1},
	Title = {Model compression},
	Year = {2006}}

@inproceedings{spielman2012exact,
	Author = {Spielman, Daniel A and Wang, Huan and Wright, John},
	Booktitle = {COLT},
	Date-Added = {2017-04-11 05:32:12 +0000},
	Date-Modified = {2017-04-11 05:32:12 +0000},
	Pages = {37--1},
	Title = {Exact Recovery of Sparsely-Used Dictionaries.},
	Year = {2012}}

@article{aharon2006rm,
	Author = {Aharon, Michal and Elad, Michael and Bruckstein, Alfred},
	Date-Added = {2017-04-11 05:30:37 +0000},
	Date-Modified = {2017-04-11 05:30:37 +0000},
	Journal = {IEEE Transactions on signal processing},
	Number = {11},
	Pages = {4311--4322},
	Publisher = {IEEE},
	Title = {$ rm k $-SVD: An algorithm for designing overcomplete dictionaries for sparse representation},
	Volume = {54},
	Year = {2006}}

@article{hopkins2015fast,
	Author = {Hopkins, Samuel B and Schramm, Tselil and Shi, Jonathan and Steurer, David},
	Date-Added = {2017-04-10 11:25:46 +0000},
	Date-Modified = {2017-04-10 11:25:46 +0000},
	Journal = {arXiv preprint arXiv:1512.02337},
	Title = {Fast spectral algorithms from sum-of-squares proofs: tensor decomposition and planted sparse vectors},
	Year = {2015}}

@inproceedings{kingma2010regularized,
	Author = {Kingma, Diederik P and Cun, Yann L},
	Booktitle = {Advances in neural information processing systems},
	Date-Added = {2017-03-24 07:24:17 +0000},
	Date-Modified = {2017-03-24 07:24:17 +0000},
	Pages = {1126--1134},
	Title = {Regularized estimation of image statistics by score matching},
	Year = {2010}}

@article{vincent2011connection,
	Author = {Vincent, Pascal},
	Date-Added = {2017-03-24 07:20:14 +0000},
	Date-Modified = {2017-03-24 07:20:14 +0000},
	Journal = {Neural computation},
	Number = {7},
	Pages = {1661--1674},
	Publisher = {MIT Press},
	Title = {A connection between score matching and denoising autoencoders},
	Volume = {23},
	Year = {2011}}

@inproceedings{lyu2009interpretation,
	Author = {Lyu, Siwei},
	Booktitle = {Proceedings of the Twenty-Fifth Conference on Uncertainty in Artificial Intelligence},
	Date-Added = {2017-03-23 06:17:57 +0000},
	Date-Modified = {2017-03-23 06:17:57 +0000},
	Organization = {AUAI Press},
	Pages = {359--366},
	Title = {Interpretation and generalization of score matching},
	Year = {2009}}

@article{arora2017generalization,
	Author = {Arora, Sanjeev and Ge, Rong and Liang, Yingyu and Ma, Tengyu and Zhang, Yi},
	Date-Added = {2017-03-07 08:47:47 +0000},
	Date-Modified = {2017-03-07 08:47:47 +0000},
	Journal = {arXiv preprint 	arXiv:1703.00573},
	Title = {Generalization and Equilibrium in Generative Adversarial Nets (GANs)},
	Year = {2017}}

@article{dziugaite2015training,
	Author = {Dziugaite, Gintare Karolina and Roy, Daniel M and Ghahramani, Zoubin},
	Date-Added = {2017-03-07 08:47:47 +0000},
	Date-Modified = {2017-03-07 08:47:47 +0000},
	Journal = {arXiv preprint arXiv:1505.03906},
	Title = {Training generative neural networks via maximum mean discrepancy optimization},
	Year = {2015}}

@inproceedings{li2015generative,
	Author = {Li, Yujia and Swersky, Kevin and Zemel, Richard S},
	Booktitle = {ICML},
	Date-Added = {2017-03-07 08:45:18 +0000},
	Date-Modified = {2017-03-07 08:45:18 +0000},
	Pages = {1718--1727},
	Title = {Generative Moment Matching Networks.},
	Year = {2015}}

@article{arjovsky2017wasserstein,
	Author = {Arjovsky, Martin and Chintala, Soumith and Bottou, L{\'e}on},
	Date-Added = {2017-03-06 15:53:57 +0000},
	Date-Modified = {2017-03-06 15:53:57 +0000},
	Journal = {arXiv preprint arXiv:1701.07875},
	Title = {Wasserstein gan},
	Year = {2017}}

@article{reid2011information,
	Author = {Reid, Mark D and Williamson, Robert C},
	Date-Added = {2017-03-06 15:21:58 +0000},
	Date-Modified = {2017-03-06 15:21:58 +0000},
	Journal = {Journal of Machine Learning Research},
	Number = {Mar},
	Pages = {731--817},
	Title = {Information, divergence and risk for binary experiments},
	Volume = {12},
	Year = {2011}}

@article{nguyen2010estimating,
	Author = {Nguyen, XuanLong and Wainwright, Martin J and Jordan, Michael I},
	Date-Added = {2017-03-06 15:20:39 +0000},
	Date-Modified = {2017-03-06 15:20:39 +0000},
	Journal = {IEEE Transactions on Information Theory},
	Number = {11},
	Pages = {5847--5861},
	Publisher = {IEEE},
	Title = {Estimating divergence functionals and the likelihood ratio by convex risk minimization},
	Volume = {56},
	Year = {2010}}

@inproceedings{nowozin2016f,
	Author = {Nowozin, Sebastian and Cseke, Botond and Tomioka, Ryota},
	Booktitle = {Advances in Neural Information Processing Systems},
	Date-Added = {2017-03-06 15:07:18 +0000},
	Date-Modified = {2017-03-06 15:07:18 +0000},
	Pages = {271--279},
	Title = {f-GAN: Training generative neural samplers using variational divergence minimization},
	Year = {2016}}

@article{jozefowicz2016exploring,
	Author = {Jozefowicz, Rafal and Vinyals, Oriol and Schuster, Mike and Shazeer, Noam and Wu, Yonghui},
	Date-Added = {2017-03-06 12:50:43 +0000},
	Date-Modified = {2017-03-06 12:50:43 +0000},
	Journal = {arXiv preprint arXiv:1602.02410},
	Title = {Exploring the limits of language modeling},
	Year = {2016}}

@article{paisley2012variational,
	Author = {Paisley, John and Blei, David and Jordan, Michael},
	Date-Added = {2016-12-15 08:41:04 +0000},
	Date-Modified = {2016-12-15 08:41:04 +0000},
	Journal = {arXiv preprint arXiv:1206.6430},
	Title = {Variational Bayesian inference with stochastic search},
	Year = {2012}}

@article{rippel2013high,
	Author = {Rippel, Oren and Adams, Ryan Prescott},
	Date-Added = {2016-12-13 11:38:24 +0000},
	Date-Modified = {2016-12-13 11:38:24 +0000},
	Journal = {arXiv preprint arXiv:1302.5125},
	Title = {High-dimensional probability estimation with deep density models},
	Year = {2013}}

@inproceedings{williams1986inverting,
	Author = {Williams, Ronald J},
	Booktitle = {Proceedings of the Eighth Annual Conference of the Cognitive Science Society},
	Date-Added = {2016-12-13 11:25:48 +0000},
	Date-Modified = {2016-12-13 11:25:48 +0000},
	Pages = {859--865},
	Title = {Inverting a connectionist network mapping by backpropagation of error},
	Year = {1986}}

@inproceedings{baird2005one,
	Author = {Baird, Leemon and Smalenberger, David and Ingkiriwang, Shawn},
	Booktitle = {Proceedings. 2005 IEEE International Joint Conference on Neural Networks, 2005.},
	Date-Added = {2016-12-13 11:23:30 +0000},
	Date-Modified = {2016-12-13 11:23:30 +0000},
	Organization = {IEEE},
	Pages = {966--971},
	Title = {One-step neural network inversion with PDF learning and emulation},
	Volume = {2},
	Year = {2005}}

@article{rezende2015variational,
	Author = {Rezende, Danilo Jimenez and Mohamed, Shakir},
	Date-Added = {2016-12-13 11:13:48 +0000},
	Date-Modified = {2016-12-13 11:13:48 +0000},
	Journal = {arXiv preprint arXiv:1505.05770},
	Title = {Variational inference with normalizing flows},
	Year = {2015}}

@article{metz2016unrolled,
	Author = {Metz, Luke and Poole, Ben and Pfau, David and Sohl-Dickstein, Jascha},
	Date-Added = {2016-12-13 07:28:31 +0000},
	Date-Modified = {2016-12-13 07:28:31 +0000},
	Journal = {arXiv preprint arXiv:1611.02163},
	Title = {Unrolled Generative Adversarial Networks},
	Year = {2016}}

@inproceedings{ho2016generative,
	Author = {Ho, Jonathan and Ermon, Stefano},
	Booktitle = {Advances In Neural Information Processing Systems},
	Date-Added = {2016-12-13 07:19:40 +0000},
	Date-Modified = {2016-12-13 07:19:40 +0000},
	Pages = {4565--4573},
	Title = {Generative adversarial imitation learning},
	Year = {2016}}

@inproceedings{dai2017calibrating,
	Author = {Dai, Z. at al.},
	Booktitle = {ICLR 2017, submissions},
	Date-Added = {2016-12-13 07:11:49 +0000},
	Date-Modified = {2016-12-13 07:12:56 +0000},
	Title = {Calibrating Energy-Based Generative Adverserial Networks},
	Year = {2017}}

@inproceedings{arjovsky17principled,
	Author = {Martin Arjovsky and Leon Bottou},
	Booktitle = {ICLR},
	Date-Added = {2016-12-12 08:48:06 +0000},
	Date-Modified = {2016-12-12 08:49:06 +0000},
	Journal = {ICLR},
	Rating = {4},
	Title = {Towards Principled Methods for Training Generative Adversarial Networks},
	Year = {2017}}

@article{hyvarinen2005estimation,
	Author = {Hyv{\"a}rinen, Aapo},
	Date-Added = {2016-12-12 07:47:49 +0000},
	Date-Modified = {2016-12-12 07:47:49 +0000},
	Journal = {Journal of Machine Learning Research},
	Number = {Apr},
	Pages = {695--709},
	Title = {Estimation of non-normalized statistical models by score matching},
	Volume = {6},
	Year = {2005}}

@article{rezende2014stochastic,
	Author = {Rezende, Danilo Jimenez and Mohamed, Shakir and Wierstra, Daan},
	Date-Added = {2016-12-11 10:33:13 +0000},
	Date-Modified = {2016-12-11 10:33:13 +0000},
	Journal = {arXiv preprint arXiv:1401.4082},
	Title = {Stochastic backpropagation and approximate inference in deep generative models},
	Year = {2014}}

@article{kingma2013auto,
	Author = {Kingma, Diederik P and Welling, Max},
	Date-Added = {2016-12-11 10:28:10 +0000},
	Date-Modified = {2016-12-11 10:28:10 +0000},
	Journal = {arXiv preprint arXiv:1312.6114},
	Title = {Auto-encoding variational bayes},
	Year = {2013}}

@article{arora2018optimization,
	Author = {Arora, Sanjeev and Cohen, Nadav and Hazan, Elad},
	Journal = {arXiv preprint arXiv:1802.06509},
	Title = {On the optimization of deep networks: Implicit acceleration by overparameterization},
	Year = {2018}}

@article{salimans2016weight,
	Author = {Salimans, Tim and Kingma, Diederik P},
	Date-Added = {2016-12-09 07:29:05 +0000},
	Date-Modified = {2016-12-09 07:29:05 +0000},
	Journal = {arXiv preprint arXiv:1602.07868},
	Title = {Weight Normalization: A Simple Reparameterization to Accelerate Training of Deep Neural Networks},
	Year = {2016}}

@article{ba2016layer,
	Author = {Ba, Jimmy Leiei and Kiros, Jamie Ryan and Hinton, Geoffrey E},
	Date-Added = {2016-12-09 07:24:36 +0000},
	Date-Modified = {2016-12-13 11:38:24 +0000},
	Journal = {arXiv preprint arXiv:1607.06450},
	Title = {Layer normalization},
	Year = {2016}}

@article{ioffe2015batch,
	Author = {Ioffe, Sergey and Szegedy, Christian},
	Date-Added = {2016-12-09 07:23:56 +0000},
	Date-Modified = {2016-12-09 07:23:56 +0000},
	Journal = {arXiv preprint arXiv:1502.03167},
	Title = {Batch normalization: Accelerating deep network training by reducing internal covariate shift},
	Year = {2015}}

@inproceedings{kusner2015word,
	Author = {Kusner, Matt J and Sun, Yu and Kolkin, Nicholas I and Weinberger, Kilian Q},
	Booktitle = {Proceedings of the 32nd International Conference on Machine Learning (ICML 2015)},
	Date-Added = {2016-12-07 09:55:17 +0000},
	Date-Modified = {2016-12-07 09:55:17 +0000},
	Pages = {957--966},
	Title = {From word embeddings to document distances},
	Year = {2015}}

@article{anandkumar2014tensor,
	Author = {Anandkumar, Animashree and Ge, Rong and Hsu, Daniel and Kakade, Sham M and Telgarsky, Matus},
	Date-Added = {2016-11-28 08:49:47 +0000},
	Date-Modified = {2016-11-28 08:49:47 +0000},
	Journal = {Journal of Machine Learning Research},
	Number = {1},
	Pages = {2773--2832},
	Title = {Tensor decompositions for learning latent variable models.},
	Volume = {15},
	Year = {2014}}

@article{radford2015unsupervised,
	Author = {Radford, Alec and Metz, Luke and Chintala, Soumith},
	Date-Added = {2016-11-28 08:48:16 +0000},
	Date-Modified = {2016-11-28 08:48:16 +0000},
	Journal = {arXiv preprint arXiv:1511.06434},
	Title = {Unsupervised representation learning with deep convolutional generative adversarial networks},
	Year = {2015}}

@article{mu2016geometry,
	Author = {Mu, Jiaqi and Bhat, Suma and Viswanath, Pramod},
	Journal = {arXiv preprint arXiv:1610.07569},
	Title = {Geometry of Polysemy},
	Year = {2016}}

@article{arora2016linear,
	Author = {Arora, Sanjeev and Li, Yuanzhi and Liang, Yingyu and Ma, Tengyu and Risteski, Andrej},
	Journal = {arXiv preprint arXiv:1601.03764},
	Title = {Linear algebraic structure of word senses, with applications to polysemy},
	Year = {2016}}

@article{neelakantan2015efficient,
	Author = {Neelakantan, Arvind and Shankar, Jeevan and Passos, Alexandre and McCallum, Andrew},
	Journal = {arXiv preprint arXiv:1504.06654},
	Title = {Efficient non-parametric estimation of multiple embeddings per word in vector space},
	Year = {2015}}

@article{kingma2016improving,
	Author = {Kingma, Diederik P and Salimans, Tim and Welling, Max},
	Journal = {arXiv preprint arXiv:1606.04934},
	Title = {Improving variational inference with inverse autoregressive flow},
	Year = {2016}}

@article{gutmann2012noise,
	Author = {Gutmann, Michael U and Hyv{\"a}rinen, Aapo},
	Journal = {Journal of Machine Learning Research},
	Number = {Feb},
	Pages = {307--361},
	Title = {Noise-contrastive estimation of unnormalized statistical models, with applications to natural image statistics},
	Volume = {13},
	Year = {2012}}

@article{mnih2012fast,
	Author = {Mnih, Andriy and Teh, Yee Whye},
	Journal = {arXiv preprint arXiv:1206.6426},
	Title = {A fast and simple algorithm for training neural probabilistic language models},
	Year = {2012}}

@inproceedings{mnih2013learning,
	Author = {Mnih, Andriy and Kavukcuoglu, Koray},
	Booktitle = {Advances in Neural Information Processing Systems},
	Pages = {2265--2273},
	Title = {Learning word embeddings efficiently with noise-contrastive estimation},
	Year = {2013}}

@article{mnih2014neural,
	Author = {Mnih, Andriy and Gregor, Karol},
	Journal = {arXiv preprint arXiv:1402.0030},
	Title = {Neural variational inference and learning in belief networks},
	Year = {2014}}

@article{chen2016variational,
	Author = {Chen, Xi and Kingma, Diederik P and Salimans, Tim and Duan, Yan and Dhariwal, Prafulla and Schulman, John and Sutskever, Ilya and Abbeel, Pieter},
	Journal = {arXiv preprint arXiv:1611.02731},
	Title = {Variational Lossy Autoencoder},
	Year = {2016}}

@article{rothe2016ultradense,
	Author = {Rothe, Sascha and Ebert, Sebastian and Sch{\"u}tze, Hinrich},
	Journal = {arXiv preprint arXiv:1602.07572},
	Title = {Ultradense Word Embeddings by Orthogonal Transformation},
	Year = {2016}}

@inproceedings{levy2014neural,
	Author = {Levy, Omer and Goldberg, Yoav},
	Booktitle = {Advances in neural information processing systems},
	Pages = {2177--2185},
	Title = {Neural word embedding as implicit matrix factorization},
	Year = {2014}}

@inproceedings{pennington2014glove,
	Author = {Pennington, Jeffrey and Socher, Richard and Manning, Christopher D},
	Booktitle = {EMNLP},
	Pages = {1532--43},
	Title = {Glove: Global Vectors for Word Representation.},
	Volume = {14},
	Year = {2014}}

@inproceedings{mikolov2013distributed,
	Author = {Mikolov, Tomas and Sutskever, Ilya and Chen, Kai and Corrado, Greg S and Dean, Jeff},
	Booktitle = {Advances in neural information processing systems},
	Pages = {3111--3119},
	Title = {Distributed representations of words and phrases and their compositionality},
	Year = {2013}}

@inproceedings{gildea1999topic,
	Author = {Gildea, D. and Hofmann, T.},
	Booktitle = {Proceedings of the 6th European Conference on Speech Communication Technology},
	Pages = {2167-2170},
	Title = {Topic-Based Language Models Using {EM}.},
	Year = 1999}

@inproceedings{le2014distributed,
	Author = {Le, Quoc V and Mikolov, Tomas},
	Booktitle = {ICML},
	Pages = {1188--1196},
	Title = {Distributed Representations of Sentences and Documents.},
	Volume = {14},
	Year = {2014}}

@inproceedings{larochelle2012neural,
	Author = {Larochelle, Hugo and Lauly, Stanislas},
	Booktitle = {Advances in Neural Information Processing Systems},
	Pages = {2708--2716},
	Title = {A neural autoregressive topic model},
	Year = {2012}}
