%% This BibTeX bibliography file was created using BibDesk.
%% http://bibdesk.sourceforge.net/


%% Created for Thomas Hofmann at 2017-10-07 17:18:52 +0200 


%% Saved with string encoding Unicode (UTF-8) 



@article{chung2014empirical,
	Author = {Chung, Junyoung and Gulcehre, Caglar and Cho, KyungHyun and Bengio, Yoshua},
	Date-Added = {2017-10-07 15:18:52 +0000},
	Date-Modified = {2017-10-07 15:18:52 +0000},
	Journal = {arXiv preprint arXiv:1412.3555},
	Title = {Empirical evaluation of gated recurrent neural networks on sequence modeling},
	Year = {2014}}

@article{hochreiter1997long,
	Author = {Hochreiter, Sepp and Schmidhuber, J{\"u}rgen},
	Date-Added = {2017-10-07 15:18:24 +0000},
	Date-Modified = {2017-10-07 15:18:24 +0000},
	Journal = {Neural computation},
	Number = {8},
	Pages = {1735--1780},
	Publisher = {MIT Press},
	Title = {Long short-term memory},
	Volume = {9},
	Year = {1997}}

@article{jozefowicz2016exploring,
	Author = {Jozefowicz, Rafal and Vinyals, Oriol and Schuster, Mike and Shazeer, Noam and Wu, Yonghui},
	Date-Added = {2017-10-07 15:17:41 +0000},
	Date-Modified = {2017-10-07 15:17:41 +0000},
	Journal = {arXiv preprint arXiv:1602.02410},
	Title = {Exploring the limits of language modeling},
	Year = {2016}}

@inproceedings{goodfellow2014generative,
	Author = {Goodfellow, Ian and Pouget-Abadie, Jean and Mirza, Mehdi and Xu, Bing and Warde-Farley, David and Ozair, Sherjil and Courville, Aaron and Bengio, Yoshua},
	Booktitle = {Advances in neural information processing systems},
	Date-Added = {2017-10-06 17:58:38 +0000},
	Date-Modified = {2017-10-06 17:58:38 +0000},
	Pages = {2672--2680},
	Title = {Generative adversarial nets},
	Year = {2014}}

@article{mackay1995bayesian,
	Author = {MacKay, David JC},
	Date-Added = {2017-10-06 17:50:44 +0000},
	Date-Modified = {2017-10-06 17:50:44 +0000},
	Journal = {Nuclear Instruments and Methods in Physics Research Section A: Accelerators, Spectrometers, Detectors and Associated Equipment},
	Number = {1},
	Pages = {73--80},
	Publisher = {Elsevier},
	Title = {Bayesian neural networks and density networks},
	Volume = {354},
	Year = {1995}}

@article{roweis1999unifying,
	Author = {Roweis, Sam and Ghahramani, Zoubin},
	Date-Added = {2017-10-06 17:43:19 +0000},
	Date-Modified = {2017-10-06 17:43:19 +0000},
	Journal = {Neural computation},
	Number = {2},
	Pages = {305--345},
	Publisher = {MIT Press},
	Title = {A unifying review of linear Gaussian models},
	Volume = {11},
	Year = {1999}}

@inproceedings{watter2015embed,
	Author = {Watter, Manuel and Springenberg, Jost and Boedecker, Joschka and Riedmiller, Martin},
	Booktitle = {Advances in neural information processing systems},
	Date-Added = {2017-10-06 17:37:37 +0000},
	Date-Modified = {2017-10-06 17:37:37 +0000},
	Pages = {2746--2754},
	Title = {Embed to control: A locally linear latent dynamics model for control from raw images},
	Year = {2015}}

@article{graves2013generating,
	Author = {Graves, Alex},
	Date-Added = {2017-10-06 17:35:34 +0000},
	Date-Modified = {2017-10-06 17:35:34 +0000},
	Journal = {arXiv preprint arXiv:1308.0850},
	Title = {Generating sequences with recurrent neural networks},
	Year = {2013}}

@inproceedings{fraccaro2016sequential,
	Author = {Fraccaro, Marco and S{\o}nderby, S{\o}ren Kaae and Paquet, Ulrich and Winther, Ole},
	Booktitle = {Advances in Neural Information Processing Systems},
	Date-Added = {2017-10-03 15:30:47 +0000},
	Date-Modified = {2017-10-03 15:30:47 +0000},
	Pages = {2199--2207},
	Title = {Sequential neural models with stochastic layers},
	Year = {2016}}

@article{gregor2015draw,
	Author = {Gregor, Karol and Danihelka, Ivo and Graves, Alex and Rezende, Danilo Jimenez and Wierstra, Daan},
	Date-Added = {2017-09-27 06:23:48 +0000},
	Date-Modified = {2017-09-27 06:23:48 +0000},
	Journal = {arXiv preprint arXiv:1502.04623},
	Title = {DRAW: A recurrent neural network for image generation},
	Year = {2015}}

@article{fabius2014variational,
	Author = {Fabius, Otto and van Amersfoort, Joost R},
	Date-Added = {2017-09-27 06:23:17 +0000},
	Date-Modified = {2017-09-27 06:23:17 +0000},
	Journal = {arXiv preprint arXiv:1412.6581},
	Title = {Variational recurrent auto-encoders},
	Year = {2014}}

@inproceedings{chung2015recurrent,
	Author = {Chung, Junyoung and Kastner, Kyle and Dinh, Laurent and Goel, Kratarth and Courville, Aaron C and Bengio, Yoshua},
	Booktitle = {Advances in neural information processing systems},
	Date-Added = {2017-09-27 06:18:24 +0000},
	Date-Modified = {2017-09-27 06:18:24 +0000},
	Pages = {2980--2988},
	Title = {A recurrent latent variable model for sequential data},
	Year = {2015}}

@article{rezende2014stochastic,
	Author = {Rezende, Danilo Jimenez and Mohamed, Shakir and Wierstra, Daan},
	Date-Added = {2017-09-25 17:54:52 +0000},
	Date-Modified = {2017-09-25 17:54:52 +0000},
	Journal = {arXiv preprint arXiv:1401.4082},
	Title = {Stochastic backpropagation and approximate inference in deep generative models},
	Year = {2014}}

@article{bowman2015generating,
	Author = {Bowman, Samuel R and Vilnis, Luke and Vinyals, Oriol and Dai, Andrew M and Jozefowicz, Rafal and Bengio, Samy},
	Date-Added = {2017-09-23 13:23:07 +0000},
	Date-Modified = {2017-09-23 13:23:07 +0000},
	Journal = {arXiv preprint arXiv:1511.06349},
	Title = {Generating sentences from a continuous space},
	Year = {2015}}
