@inproceedings{riedel2013relation,
  title={Relation extraction with matrix factorization and universal schemas},
  author={Riedel, Sebastian and Yao, Limin and McCallum, Andrew and Marlin, Benjamin M},
  booktitle = {Proceedings of NAACL-HLT},
  pages = {74--84},
  year={2013}
}

@inproceedings{nickel2011three,
  title={A three-way model for collective learning on multi-relational data},
  author={Nickel, Maximilian and Tresp, Volker and Kriegel, Hans-Peter},
  booktitle={Proceedings of the 28th international conference on machine learning (ICML-11)},
  pages={809--816},
  year={2011}
}