@article{salimans2013fixed,
  title={Fixed-form variational posterior approximation through stochastic linear regression},
  author={Salimans, Tim and Knowles, David A and others},
  journal={Bayesian Analysis},
  volume={8},
  number={4},
  pages={837--882},
  year={2013},
  publisher={International Society for Bayesian Analysis}
}

@article{attias2000variational,
  title={A variational Bayesian framework for graphical models},
  author={Attias, Hagai},
  journal={Advances in neural information processing systems},
  volume={12},
  number={1-2},
  pages={209--215},
  year={2000}
}
@article{jaakkola1999variational,
  title={Variational probabilistic inference and the {QMR-DT} network},
  author={Jaakkola, Tommi S and Jordan, Michael I},
  journal={Journal of artificial intelligence research},
  pages={291--322},
  year={1999}
}

@article{shwe1991probabilistic,
  title={Probabilistic diagnosis using a reformulation of the {INTERNIST}-1/{QMR} knowledge base},
  author={Shwe, Michael A and Middleton, B and Heckerman, DE and Henrion, M and Horvitz, EJ and Lehmann, HP and Cooper, GF},
  journal={Methods of information in Medicine},
  volume={30},
  number={4},
  pages={241--255},
  year={1991}
}

@inproceedings{ng1999approximate,
  title={Approximate Inference Algorithms for Two-Layer Bayesian Networks.},
  author={Ng, Andrew Y and Jordan, Michael I},
  booktitle={NIPS},
  pages={533--539},
  year={1999}
}

@inproceedings{kearns1998large,
  title={Large deviation methods for approximate probabilistic inference},
  author={Kearns, Michael and Saul, Lawrence},
  booktitle={Proceedings of the Fourteenth conference on Uncertainty in artificial intelligence},
  pages={311--319},
  year={1998},
  organization={Morgan Kaufmann Publishers Inc.}
}

@inproceedings{platt2007fast,
  title={Fast Variational Inference for Large-scale Internet Diagnosis.},
  author={Platt, John C and Kiciman, Emre and Maltz, David A},
  booktitle={NIPS},
  year={2007}
}